=LDR  00796nam a2200205Mi 4500
=008  \\\\\\s2007\\\\xx\\\\\\\\\\\\000\0\\\\\d
=040  \\$aFDA$beng$cFDA
=035  \\$a(FSUSCA)Horward_Row_2_Section_4_614
=049  \\$lHorward_Row_2_Section_4_614
=100  1\$aFranceschi, Michel
=245  14$aThe 13 Vendemiaire Republican Coronation of Napoleon /$cMichel Franceschi
=264  \1$a[Place of publication not identified] :$bInternational Npoleonic Society,$c2007
=300  \\$avolume
=336  \\$atext$btxt$2rdacontent
=337  \\$aunmediated$bn$2rdamedia
=338  \\$avolume$bnc$2rdacarrier
=500  \\$aTitle on spreadsheet: "The 13 Vendemiaire Republican Coronation of Napoleon."
=932  2\$aHorward Collection$9LOCAL
=936  1\$aHorward, Donald D.,$edonor$9LOCAL
=949  \\$aFTaSU$bFSUSP$cREVIEW$9LOCAL

