=LDR  00801nam a2200217Mi 4500
=008  \\\\\\s2004\\\\xx\\\\\\\\\\\\000\0\\\\\d
=040  \\$aFDA$beng$cFDA
=035  \\$a(FSUSCA)Horward_Row_2_Section_10_1781
=049  \\$lHorward_Row_2_Section_10_1781
=100  1\$aZamoyski, Adam
=245  10$a1812, Napoleon's Fatal March on Moscow /$cAdam Zamoyski
=264  \1$a[Place of publication not identified] :$bHarper Collins Pulishers,$c2004
=300  \\$avolume
=336  \\$atext$btxt$2rdacontent
=337  \\$aunmediated$bn$2rdamedia
=338  \\$avolume$bnc$2rdacarrier
=500  \\$aTitle on spreadsheet: "1812: Napoleon's Fatal March on Moscow."
=500  \\$aLetter from Harper Collins.
=932  2\$aHorward Collection$9LOCAL
=936  1\$aHorward, Donald D.,$edonor$9LOCAL
=949  \\$aFTaSU$bFSUSP$cREVIEW$9LOCAL

