=LDR  00770nam a2200205Mi 4500
=008  \\\\\\s1996\\\\xx\\\\\\\\\\\\000\0\\\\\d
=040  \\$aFDA$beng$cFDA
=035  \\$a(FSUSCA)Horward_Row_2_Section_8_1268
=049  \\$lHorward_Row_2_Section_8_1268
=100  1\$aAustin, Paul Britten
=245  10$a1812 The Great Retreat told by the survivors /$cPaul Britten Austin
=264  \1$a[Place of publication not identified] :$bGreenhill Books,$c1996
=300  \\$avolume
=336  \\$atext$btxt$2rdacontent
=337  \\$aunmediated$bn$2rdamedia
=338  \\$avolume$bnc$2rdacarrier
=500  \\$aTitle on spreadsheet: "1812 The Great Retreat told by the survivors."
=932  2\$aHorward Collection$9LOCAL
=936  1\$aHorward, Donald D.,$edonor$9LOCAL
=949  \\$aFTaSU$bFSUSP$cREVIEW$9LOCAL

