=LDR  00770nam a2200205Mi 4500
=008  \\\\\\s2001\\\\xx\\\\\\\\\\\\000\0\\\\\d
=040  \\$aFDA$beng$cFDA
=035  \\$a(FSUSCA)Horward_Row_2_Section_8_1270
=049  \\$lHorward_Row_2_Section_8_1270
=100  1\$aSmith, Digby
=245  10$a1813, Leipzig Napoleon and the Battle of the Nations /$cDigby Smith
=264  \1$a[Place of publication not identified] :$bGreenhill Books,$c2001
=300  \\$avolume
=336  \\$atext$btxt$2rdacontent
=337  \\$aunmediated$bn$2rdamedia
=338  \\$avolume$bnc$2rdacarrier
=500  \\$aTitle on spreadsheet: "1813: Leipzig Napoleon and the Battle of the Nations."
=932  2\$aHorward Collection$9LOCAL
=936  1\$aHorward, Donald D.,$edonor$9LOCAL
=949  \\$aFTaSU$bFSUSP$cREVIEW$9LOCAL

