=LDR  00829nam a2200229Mi 4500
=008  \\\\\\s1973\\\\xx\\\\\\\\\\\\000\0\\\\\d
=040  \\$aFDA$beng$cFDA
=035  \\$a(FSUSCA)Horward_Row_2_Section_4_616
=049  \\$lHorward_Row_2_Section_4_616
=100  1\$aPericoli, Ugo
=245  10$a1815 The Armies at Waterloo /$cUgo Pericoli, Michael Glover, Elizabeth Longford
=264  \1$a[Place of publication not identified] :$bSphere Books Limited,$c1973
=300  \\$avolume
=336  \\$atext$btxt$2rdacontent
=337  \\$aunmediated$bn$2rdamedia
=338  \\$avolume$bnc$2rdacarrier
=500  \\$aTitle on spreadsheet: "1815 The Armies at Waterloo."
=700  1\$aGlover, Michael
=700  1\$aLongford, Elizabeth
=932  2\$aHorward Collection$9LOCAL
=936  1\$aHorward, Donald D.,$edonor$9LOCAL
=949  \\$aFTaSU$bFSUSP$cREVIEW$9LOCAL

