=LDR  00737nam a2200205Mi 4500
=008  \\\\\\s1971\\\\xx\\\\\\\\\\\\000\0\\\\\d
=040  \\$aFDA$beng$cFDA
=035  \\$a(FSUSCA)Horward_Row_2_Section_11_1828
=049  \\$lHorward_Row_2_Section_11_1828
=100  1\$aNecheles, Ruth F.
=245  14$aThe Abbe Gregoire 1787-1831 /$cRuth F. Necheles
=264  \1$a[Place of publication not identified] :$bGreenwood Publishing,$c1971
=300  \\$avolume
=336  \\$atext$btxt$2rdacontent
=337  \\$aunmediated$bn$2rdamedia
=338  \\$avolume$bnc$2rdacarrier
=500  \\$aTitle on spreadsheet: "The Abbe Gregoire 1787-1831."
=932  2\$aHorward Collection$9LOCAL
=936  1\$aHorward, Donald D.,$edonor$9LOCAL
=949  \\$aFTaSU$bFSUSP$cREVIEW$9LOCAL

