=LDR  00801nam a2200217Mi 4500
=008  \\\\\\s1963\\\\xx\\\\\\\\\\\\000\0\\\\\d
=040  \\$aFDA$beng$cFDA
=035  \\$a(FSUSCA)Horward_Row_2_Section_10_1739
=049  \\$lHorward_Row_2_Section_10_1739
=100  1\$aBlondel, M.
=245  14$aThe Abbe Sieyes, What is the Third Estate? /$cM. Blondel and Peter Campbell
=264  \1$a[Place of publication not identified] :$bPall Mall Press,$c1963
=300  \\$avolume
=336  \\$atext$btxt$2rdacontent
=337  \\$aunmediated$bn$2rdamedia
=338  \\$avolume$bnc$2rdacarrier
=500  \\$aTitle on spreadsheet: "The Abbe Sieyes: What is the Third Estate?."
=700  1\$aCampbell, Peter
=932  2\$aHorward Collection$9LOCAL
=936  1\$aHorward, Donald D.,$edonor$9LOCAL
=949  \\$aFTaSU$bFSUSP$cREVIEW$9LOCAL

