=LDR  00845nam a2200205Mi 4500
=008  \\\\\\suuuu\\\\xx\\\\\\\\\\\\000\0\\\\\d
=040  \\$aFDA$beng$cFDA
=035  \\$a(FSUSCA)Horward_Row_2_Section_8_1428
=049  \\$lHorward_Row_2_Section_8_1428
=100  1\$aKincaid, John
=245  10$aAdventures in the Rifle Brigade and Random Shots from a Rifleman /$cCaptain Sir John Kincaid
=264  \1$a[Place of publication not identified] :$bMaclaren and Company,$c[date of publication not identified]
=300  \\$avolume
=336  \\$atext$btxt$2rdacontent
=337  \\$aunmediated$bn$2rdamedia
=338  \\$avolume$bnc$2rdacarrier
=500  \\$aTitle on spreadsheet: "Adventures in the Rifle Brigade and Random Shots from a Rifleman."
=932  2\$aHorward Collection$9LOCAL
=936  1\$aHorward, Donald D.,$edonor$9LOCAL
=949  \\$aFTaSU$bFSUSP$cREVIEW$9LOCAL

