=LDR  00798nam a2200217Mi 4500
=008  \\\\\\s1902\\\\xx\\\\\\\\\\\\000\0\\\\\d
=040  \\$aFDA$beng$cFDA
=035  \\$a(FSUSCA)Horward_Row_2_Section_10_1672
=049  \\$lHorward_Row_2_Section_10_1672
=100  1\$aGrattan, William
=245  10$aAdventures with the Connaught Rangers 1809-1814 /$cWilliam Grattan, Esq.
=264  \1$a[Place of publication not identified] :$bEdward Arnold,$c1902
=300  \\$avolume
=336  \\$atext$btxt$2rdacontent
=337  \\$aunmediated$bn$2rdamedia
=338  \\$avolume$bnc$2rdacarrier
=500  \\$aTitle on spreadsheet: "Adventures with the Connaught Rangers 1809-1814."
=500  \\$aSigned.
=932  2\$aHorward Collection$9LOCAL
=936  1\$aHorward, Donald D.,$edonor$9LOCAL
=949  \\$aFTaSU$bFSUSP$cREVIEW$9LOCAL

