=LDR  00738nam a2200217Mi 4500
=008  \\\\\\s2004\\\\xx\\\\\\\\\\\\000\0\\\\\d
=040  \\$aFDA$beng$cFDA
=035  \\$a(FSUSCA)Horward_Row_2_Section_10_1771
=049  \\$lHorward_Row_2_Section_10_1771
=100  1\$aConner, Susan P.
=245  14$aThe Age of Napoleon /$cSusan P. Conner
=264  \1$a[Place of publication not identified] :$bGreenwood Press,$c2004
=300  \\$avolume
=336  \\$atext$btxt$2rdacontent
=337  \\$aunmediated$bn$2rdamedia
=338  \\$avolume$bnc$2rdacarrier
=500  \\$aTitle on spreadsheet: "The Age of Napoleon."
=500  \\$aSigned.
=932  2\$aHorward Collection$9LOCAL
=936  1\$aHorward, Donald D.,$edonor$9LOCAL
=949  \\$aFTaSU$bFSUSP$cREVIEW$9LOCAL

