=LDR  00747nam a2200205Mi 4500
=008  \\\\\\s1963\\\\xx\\\\\\\\\\\\000\0\\\\\d
=040  \\$aFDA$beng$cFDA
=035  \\$a(FSUSCA)Horward_Row_2_Section_11_2017
=049  \\$lHorward_Row_2_Section_11_2017
=100  1\$aHerold, J. Christopher
=245  14$aThe Age of Napoleon /$cJ. Christopher Herold
=264  \1$a[Place of publication not identified] :$bAmerican Heritage Publishing Company,$c1963
=300  \\$avolume
=336  \\$atext$btxt$2rdacontent
=337  \\$aunmediated$bn$2rdamedia
=338  \\$avolume$bnc$2rdacarrier
=500  \\$aTitle on spreadsheet: "The Age of Napoleon."
=932  2\$aHorward Collection$9LOCAL
=936  1\$aHorward, Donald D.,$edonor$9LOCAL
=949  \\$aFTaSU$bFSUSP$cREVIEW$9LOCAL

