=LDR  00783nam a2200217Mi 4500
=008  \\\\\\s2012\\\\xx\\\\\\\\\\\\000\0\\\\\d
=040  \\$aFDA$beng$cFDA
=035  \\$a(FSUSCA)Horward_Row_2_Section_9_1593
=049  \\$lHorward_Row_2_Section_9_1593
=100  1\$aRey, Marie Pierre
=245  10$aAlexander I the tsar who defeated napoleon /$cMarie Pierre Rey
=264  \1$a[Place of publication not identified] :$bNIU Press,$c2012
=300  \\$avolume
=336  \\$atext$btxt$2rdacontent
=337  \\$aunmediated$bn$2rdamedia
=338  \\$avolume$bnc$2rdacarrier
=500  \\$aTitle on spreadsheet: "Alexander I the tsar who defeated napoleon."
=500  \\$aAutographed.
=932  2\$aHorward Collection$9LOCAL
=936  1\$aHorward, Donald D.,$edonor$9LOCAL
=949  \\$aFTaSU$bFSUSP$cREVIEW$9LOCAL

