=LDR  00760nam a2200205Mi 4500
=008  \\\\\\s1978\\\\xx\\\\\\\\\\\\000\0\\\\\d
=040  \\$aFDA$beng$cFDA
=035  \\$a(FSUSCA)Horward_Row_2_Section_10_1684
=049  \\$lHorward_Row_2_Section_10_1684
=100  1\$aJones, Thomas Brooks
=245  10$aAlexander The Blessed, Conqueror of Napoleon /$cThomas Brooks Jones
=264  \1$a[Place of publication not identified] :$bN/A,$c1978
=300  \\$avolume
=336  \\$atext$btxt$2rdacontent
=337  \\$aunmediated$bn$2rdamedia
=338  \\$avolume$bnc$2rdacarrier
=500  \\$aTitle on spreadsheet: "Alexander The Blessed, Conqueror of Napoleon."
=932  2\$aHorward Collection$9LOCAL
=936  1\$aHorward, Donald D.,$edonor$9LOCAL
=949  \\$aFTaSU$bFSUSP$cREVIEW$9LOCAL

