=LDR  00745nam a2200217Mi 4500
=008  \\\\\\s1930\\\\xx\\\\\\\\\\\\000\0\\\\\d
=040  \\$aFDA$beng$cFDA
=035  \\$a(FSUSCA)Horward_Row_2_Section_12_2020
=049  \\$lHorward_Row_2_Section_12_2020
=100  1\$aBarton
=245  14$aThe Amazing Career of Bernadotte /$cBarton
=250  \\$a2nd Edition
=264  \1$a[Place of publication not identified] :$bJohn Murray,$c1930
=300  \\$avolume
=336  \\$atext$btxt$2rdacontent
=337  \\$aunmediated$bn$2rdamedia
=338  \\$avolume$bnc$2rdacarrier
=500  \\$aTitle on spreadsheet: "The Amazing Career of Bernadotte."
=932  2\$aHorward Collection$9LOCAL
=936  1\$aHorward, Donald D.,$edonor$9LOCAL
=949  \\$aFTaSU$bFSUSP$cREVIEW$9LOCAL

