=LDR  00805nam a2200217Mi 4500
=008  \\\\\\s1996\\\\xx\\\\\\\\\\\\000\0\\\\\d
=040  \\$aFDA$beng$cFDA
=035  \\$a(FSUSCA)Horward_Row_4_Section_8_2563
=049  \\$lHorward_Row_4_Section_8_2563
=100  1\$aDoughty
=245  14$aThe American Civil War The Emergence of Total Warfare /$cDoughty and Gruber
=264  \1$a[Place of publication not identified] :$bD.C. Health and Company,$c1996
=300  \\$avolume
=336  \\$atext$btxt$2rdacontent
=337  \\$aunmediated$bn$2rdamedia
=338  \\$avolume$bnc$2rdacarrier
=500  \\$aTitle on spreadsheet: "The American Civil War The Emergence of Total Warfare."
=700  1\$aGruber
=932  2\$aHorward Collection$9LOCAL
=936  1\$aHorward, Donald D.,$edonor$9LOCAL
=949  \\$aFTaSU$bFSUSP$cREVIEW$9LOCAL

