=LDR  00805nam a2200217Mi 4500
=008  \\\\\\s1934\\\\xx\\\\\\\\\\\\000\0\\\\\d
=040  \\$aFDA$beng$cFDA
=035  \\$a(FSUSCA)Horward_Row_2_Section_3_397
=049  \\$lHorward_Row_2_Section_3_397
=100  1\$aRiotor, Leon
=245  10$aAmours et Tragedie de Michael Ney, Marechal De France /$cLeon Riotor
=264  \1$a[Place of publication not identified] :$bFasquelle Editeurs,$c1934
=300  \\$avolume
=336  \\$atext$btxt$2rdacontent
=337  \\$aunmediated$bn$2rdamedia
=338  \\$avolume$bnc$2rdacarrier
=500  \\$aTitle on spreadsheet: "Amours et Tragedie de Michael Ney: Marechal De France."
=500  \\$aCustom binding.
=932  2\$aHorward Collection$9LOCAL
=936  1\$aHorward, Donald D.,$edonor$9LOCAL
=949  \\$aFTaSU$bFSUSP$cREVIEW$9LOCAL

