=LDR  00892nam a2200217Mi 4500
=008  \\\\\\s1962\\\\xx\\\\\\\\\\\\000\0\\\\\d
=040  \\$aFDA$beng$cFDA
=035  \\$a(FSUSCA)Horward_Row_2_Section_8_1415
=049  \\$lHorward_Row_2_Section_8_1415
=100  1\$aLachouque, Henry
=245  14$aThe Anatomy of Glory, Napoloen and his Guard A Study in Leadership /$cAdapted from the French of Henry Lachouque by Anne S.K. Brown
=264  \1$a[Place of publication not identified] :$bBrown University Press,$c1962
=300  \\$avolume
=336  \\$atext$btxt$2rdacontent
=337  \\$aunmediated$bn$2rdamedia
=338  \\$avolume$bnc$2rdacarrier
=500  \\$aTitle on spreadsheet: "The Anatomy of Glory: Napoloen and his Guard A Study in Leadership."
=700  1\$aBrown, Anne S.K.
=932  2\$aHorward Collection$9LOCAL
=936  1\$aHorward, Donald D.,$edonor$9LOCAL
=949  \\$aFTaSU$bFSUSP$cREVIEW$9LOCAL

