=LDR  00771nam a2200217Mi 4500
=008  \\\\\\s1881\\\\xx\\\\\\\\\\\\000\0\\\\\d
=040  \\$aFDA$beng$cFDA
=035  \\$a(FSUSCA)Horward_Row_4_Section_7_2366
=049  \\$lHorward_Row_4_Section_7_2366
=100  1\$aTaine, H.A.
=245  14$aThe Ancient Regime /$cH.A. Taine and John Durand
=264  \1$a[Place of publication not identified] :$bSampson Low, Marston, Searle and Rivington,$c1881
=300  \\$avolume
=336  \\$atext$btxt$2rdacontent
=337  \\$aunmediated$bn$2rdamedia
=338  \\$avolume$bnc$2rdacarrier
=500  \\$aTitle on spreadsheet: "The Ancient Regime."
=700  1\$aDuran, John
=932  2\$aHorward Collection$9LOCAL
=936  1\$aHorward, Donald D.,$edonor$9LOCAL
=949  \\$aFTaSU$bFSUSP$cREVIEW$9LOCAL

