=LDR  00879nam a2200229Mi 4500
=008  \\\\\\s1965\\\\xx\\\\\\\\\\\\000\0\\\\\d
=040  \\$aFDA$beng$cFDA
=035  \\$a(FSUSCA)Horward_Row_2_Section_2_273
=049  \\$lHorward_Row_2_Section_2_273
=100  1\$aAubert, Georges
=245  10$aAnnales historiques de la Revolution francaise /$c(prepared by) Georges Aubert and Marc Bouloiseau
=264  \1$a[Place of publication not identified] :$bSociete des Etudes Robespieristes,$c1965
=300  \\$avolume
=336  \\$atext$btxt$2rdacontent
=337  \\$aunmediated$bn$2rdamedia
=338  \\$avolume$bnc$2rdacarrier
=500  \\$aTitle on spreadsheet: "Annales historiques de la Revolution francaise."
=500  \\$aCustom binding.
=700  1\$aBouloiseau, Marc
=932  2\$aHorward Collection$9LOCAL
=936  1\$aHorward, Donald D.,$edonor$9LOCAL
=949  \\$aFTaSU$bFSUSP$cREVIEW$9LOCAL

