=LDR  00796nam a2200205Mi 4500
=008  \\\\\\s1961\\\\xx\\\\\\\\\\\\000\0\\\\\d
=040  \\$aFDA$beng$cFDA
=035  \\$a(FSUSCA)Horward_Row_4_Section_7_2463
=049  \\$lHorward_Row_4_Section_7_2463
=100  1\$ade Bettencourt, Nicolau
=245  10$aApontamentos Para a Historia Do Servico de Saude Militar /$cNicolau de Bettencourt
=264  \1$a[Place of publication not identified] :$bL. C. G. G.,$c1961
=300  \\$avolume
=336  \\$atext$btxt$2rdacontent
=337  \\$aunmediated$bn$2rdamedia
=338  \\$avolume$bnc$2rdacarrier
=500  \\$aTitle on spreadsheet: "Apontamentos Para a Historia Do Servico de Saude Militar."
=932  2\$aHorward Collection$9LOCAL
=936  1\$aHorward, Donald D.,$edonor$9LOCAL
=949  \\$aFTaSU$bFSUSP$cREVIEW$9LOCAL

