=LDR  00875nam a2200229Mi 4500
=008  \\\\\\s1952\\\\xx\\\\\\\\\\\\000\0\\\\\d
=040  \\$aFDA$beng$cFDA
=035  \\$a(FSUSCA)Horward_Row_2_Section_9_1558
=049  \\$lHorward_Row_2_Section_9_1558
=100  1\$aGibbs Smith, C. H.
=245  10$aApsley House A Guide to the Wellington Museum /$cC. H. Gibbs Smith and H. V. T. Percival
=264  \1$a[Place of publication not identified] :$bHer Majestry's Stationary Office,$c1952
=300  \\$avolume
=336  \\$atext$btxt$2rdacontent
=337  \\$aunmediated$bn$2rdamedia
=338  \\$avolume$bnc$2rdacarrier
=500  \\$aTitle on spreadsheet: "Apsley House A Guide to the Wellington Museum."
=500  \\$aMuseum pamphlet.
=700  1\$aPercival, H. V. T.
=932  2\$aHorward Collection$9LOCAL
=936  1\$aHorward, Donald D.,$edonor$9LOCAL
=949  \\$aFTaSU$bFSUSP$cREVIEW$9LOCAL

