=LDR  00775nam a2200217Mi 4500
=008  \\\\\\s1989\\\\xx\\\\\\\\\\\\000\0\\\\\d
=040  \\$aFDA$beng$cFDA
=035  \\$a(FSUSCA)Horward_Row_4_Section_6_2202
=049  \\$lHorward_Row_4_Section_6_2202
=100  1\$aBowden, Scott
=245  10$aArmies on the Danube, 1809 /$cScott Bowden and Charles Tarbox
=264  \1$a[Place of publication not identified] :$bThe Emperor's Press,$c1989
=300  \\$avolume
=336  \\$atext$btxt$2rdacontent
=337  \\$aunmediated$bn$2rdamedia
=338  \\$avolume$bnc$2rdacarrier
=500  \\$aTitle on spreadsheet: "Armies on the Danube, 1809."
=700  1\$aTarbox, Charles
=932  2\$aHorward Collection$9LOCAL
=936  1\$aHorward, Donald D.,$edonor$9LOCAL
=949  \\$aFTaSU$bFSUSP$cREVIEW$9LOCAL

