=LDR  00779nam a2200205Mi 4500
=008  \\\\\\s1978\\\\xx\\\\\\\\\\\\000\0\\\\\d
=040  \\$aFDA$beng$cFDA
=035  \\$a(FSUSCA)Horward_Row_2_Section_11_1920
=049  \\$lHorward_Row_2_Section_11_1920
=100  1\$aRothenberg, Gunther E.
=245  14$aThe Art of Warfare in the Age of Napoleon /$cGunther E. Rothenberg
=264  \1$a[Place of publication not identified] :$bIndiana University Press,$c1978
=300  \\$avolume
=336  \\$atext$btxt$2rdacontent
=337  \\$aunmediated$bn$2rdamedia
=338  \\$avolume$bnc$2rdacarrier
=500  \\$aTitle on spreadsheet: "The Art of Warfare in the Age of Napoleon."
=932  2\$aHorward Collection$9LOCAL
=936  1\$aHorward, Donald D.,$edonor$9LOCAL
=949  \\$aFTaSU$bFSUSP$cREVIEW$9LOCAL

