=LDR  00853nam a2200217Mi 4500
=008  \\\\\\s1993\\\\xx\\\\\\\\\\\\000\0\\\\\d
=040  \\$aFDA$beng$cFDA
=035  \\$a(FSUSCA)Horward_Row_4_Section_6_2162
=049  \\$lHorward_Row_4_Section_6_2162
=100  1\$aDriskel, Michael Paul
=245  10$aAs Befits a Legend, Building a Tomb for Napoleon, 1840-1861 /$cMIchael Paul Driskel
=264  \1$a[Place of publication not identified] :$bKent State University Press,$c1993
=300  \\$avolume
=336  \\$atext$btxt$2rdacontent
=337  \\$aunmediated$bn$2rdamedia
=338  \\$avolume$bnc$2rdacarrier
=500  \\$aTitle on spreadsheet: "As Befits a Legend: Building a Tomb for Napoleon, 1840-1861."
=500  \\$aLetter from publisher.
=932  2\$aHorward Collection$9LOCAL
=936  1\$aHorward, Donald D.,$edonor$9LOCAL
=949  \\$aFTaSU$bFSUSP$cREVIEW$9LOCAL

