=LDR  00793nam a2200205Mi 4500
=008  \\\\\\s2008\\\\xx\\\\\\\\\\\\000\0\\\\\d
=040  \\$aFDA$beng$cFDA
=035  \\$a(FSUSCA)Horward_Row_2_Section_8_1445
=049  \\$lHorward_Row_2_Section_8_1445
=100  1\$aVitor Melicias, Andre Filipe
=245  10$aAs Linas de torres Vedras, construcao e impacto locais /$cAndre Filipe Vitor Melicias
=264  \1$a[Place of publication not identified] :$bA3,$c2008
=300  \\$avolume
=336  \\$atext$btxt$2rdacontent
=337  \\$aunmediated$bn$2rdamedia
=338  \\$avolume$bnc$2rdacarrier
=500  \\$aTitle on spreadsheet: "As Linas de torres Vedras: construcao e impacto locais."
=932  2\$aHorward Collection$9LOCAL
=936  1\$aHorward, Donald D.,$edonor$9LOCAL
=949  \\$aFTaSU$bFSUSP$cREVIEW$9LOCAL

