=LDR  00793nam a2200205Mi 4500
=008  \\\\\\s2010\\\\xx\\\\\\\\\\\\000\0\\\\\d
=040  \\$aFDA$beng$cFDA
=035  \\$a(FSUSCA)Horward_Row_4_Section_6_2272
=049  \\$lHorward_Row_4_Section_6_2272
=100  1\$aClimaco, Cristina
=245  10$aAs Linhas de Torres Vedras, Invasao e Resistencia 1810-1811 /$cCristina Climaco
=264  \1$a[Place of publication not identified] :$bColibri/Lisboa,$c2010
=300  \\$avolume
=336  \\$atext$btxt$2rdacontent
=337  \\$aunmediated$bn$2rdamedia
=338  \\$avolume$bnc$2rdacarrier
=500  \\$aTitle on spreadsheet: "As Linhas de Torres Vedras: Invasao e Resistencia 1810-1811."
=932  2\$aHorward Collection$9LOCAL
=936  1\$aHorward, Donald D.,$edonor$9LOCAL
=949  \\$aFTaSU$bFSUSP$cREVIEW$9LOCAL

