=LDR  00807nam a2200205Mi 4500
=008  \\\\\\s1958\\\\xx\\\\\\\\\\\\000\0\\\\\d
=040  \\$aFDA$beng$cFDA
=035  \\$a(FSUSCA)Horward_Row_4_Section_5_2097
=049  \\$lHorward_Row_4_Section_5_2097
=100  1\$aCount Yorck Von Wartenburg
=245  10$aAtlas to Accompany Napoleon as a General /$cCount Yorck Von Wartenburg
=264  \1$a[Place of publication not identified] :$bU.S. Department of Military Art and Engineering,$c1958
=300  \\$avolume
=336  \\$atext$btxt$2rdacontent
=337  \\$aunmediated$bn$2rdamedia
=338  \\$avolume$bnc$2rdacarrier
=500  \\$aTitle on spreadsheet: "Atlas to Accompany Napoleon as a General."
=932  2\$aHorward Collection$9LOCAL
=936  1\$aHorward, Donald D.,$edonor$9LOCAL
=949  \\$aFTaSU$bFSUSP$cREVIEW$9LOCAL

