=LDR  00887nam a2200217Mi 4500
=008  \\\\\\s1896\\\\xx\\\\\\\\\\\\000\0\\\\\d
=040  \\$aFDA$beng$cFDA
=035  \\$a(FSUSCA)Horward_Row_2_Section_4_571
=049  \\$lHorward_Row_2_Section_4_571
=100  1\$ade Paula da Silva Villar, Francisco
=245  10$aAtravez das Ordens Beresford Durante a Guerra Peninsular /$cFrancisco de Paula da Silva Villar
=264  \1$a[Place of publication not identified] :$bTypographia Belenense,$c1896
=300  \\$avolume
=336  \\$atext$btxt$2rdacontent
=337  \\$aunmediated$bn$2rdamedia
=338  \\$avolume$bnc$2rdacarrier
=500  \\$aTitle on spreadsheet: "Atravez das Ordens Beresford Durante a Guerra Peninsular."
=500  \\$aPages and covers detached from each other.
=932  2\$aHorward Collection$9LOCAL
=936  1\$aHorward, Donald D.,$edonor$9LOCAL
=949  \\$aFTaSU$bFSUSP$cREVIEW$9LOCAL

