=LDR  00808nam a2200205Mi 4500
=008  \\\\\\s1953\\\\xx\\\\\\\\\\\\000\0\\\\\d
=040  \\$aFDA$beng$cFDA
=035  \\$a(FSUSCA)Horward_Row_2_Section_11_1898
=049  \\$lHorward_Row_2_Section_11_1898
=100  1\$aJackson, W. G. F.
=245  10$aAttack in the West, Napoleon's first campaign re-read today /$cMajor W. G. F. Jackson
=264  \1$a[Place of publication not identified] :$bEyre and Spottiswoode,$c1953
=300  \\$avolume
=336  \\$atext$btxt$2rdacontent
=337  \\$aunmediated$bn$2rdamedia
=338  \\$avolume$bnc$2rdacarrier
=500  \\$aTitle on spreadsheet: "Attack in the West: Napoleon's first campaign re-read today."
=932  2\$aHorward Collection$9LOCAL
=936  1\$aHorward, Donald D.,$edonor$9LOCAL
=949  \\$aFTaSU$bFSUSP$cREVIEW$9LOCAL

