=LDR  00753nam a2200205Mi 4500
=008  \\\\\\s1966\\\\xx\\\\\\\\\\\\000\0\\\\\d
=040  \\$aFDA$beng$cFDA
=035  \\$a(FSUSCA)Horward_Row_4_Section_7_2522
=049  \\$lHorward_Row_4_Section_7_2522
=100  1\$aManceron, Claude
=245  10$aAusterlitz, The Story of a Battle /$cClaude Manceron
=264  \1$a[Place of publication not identified] :$bGeorge Allen and Unwin, Ltd.,$c1966
=300  \\$avolume
=336  \\$atext$btxt$2rdacontent
=337  \\$aunmediated$bn$2rdamedia
=338  \\$avolume$bnc$2rdacarrier
=500  \\$aTitle on spreadsheet: "Austerlitz: The Story of a Battle."
=932  2\$aHorward Collection$9LOCAL
=936  1\$aHorward, Donald D.,$edonor$9LOCAL
=949  \\$aFTaSU$bFSUSP$cREVIEW$9LOCAL

