=LDR  00707nam a2200205Mi 4500
=008  \\\\\\s1977\\\\xx\\\\\\\\\\\\000\0\\\\\d
=040  \\$aFDA$beng$cFDA
=035  \\$a(FSUSCA)Horward_Row_2_Section_8_1289
=049  \\$lHorward_Row_2_Section_8_1289
=100  1\$aDuffy, Christopher
=245  10$aAusterlitz 1805 /$cChristopher Duffy
=264  \1$a[Place of publication not identified] :$bSeeley Service,$c1977
=300  \\$avolume
=336  \\$atext$btxt$2rdacontent
=337  \\$aunmediated$bn$2rdamedia
=338  \\$avolume$bnc$2rdacarrier
=500  \\$aTitle on spreadsheet: "Austerlitz 1805."
=932  2\$aHorward Collection$9LOCAL
=936  1\$aHorward, Donald D.,$edonor$9LOCAL
=949  \\$aFTaSU$bFSUSP$cREVIEW$9LOCAL

