=LDR  00904nam a2200217Mi 4500
=008  \\\\\\s1911\\\\xx\\\\\\\\\\\\000\0\\\\\d
=040  \\$aFDA$beng$cFDA
=035  \\$a(FSUSCA)Horward_Row_4_Section_7_2418
=049  \\$lHorward_Row_4_Section_7_2418
=100  1\$aBaedeker, Karl
=245  10$aAustria Hungary, With Excursions to Cetinje, Belgrade, and Bucharest /$cKarl Baedeker
=264  \1$a[Place of publication not identified] :$bKarl Baedeker, T. Fisher Unwin, and Charles Scribner's Sons,$c1911
=300  \\$avolume
=336  \\$atext$btxt$2rdacontent
=337  \\$aunmediated$bn$2rdamedia
=338  \\$avolume$bnc$2rdacarrier
=500  \\$aTitle on spreadsheet: "Austria Hungary: With Excursions to Cetinje, Belgrade, and Bucharest."
=500  \\$aWrapped in paper cover, very fragile.
=932  2\$aHorward Collection$9LOCAL
=936  1\$aHorward, Donald D.,$edonor$9LOCAL
=949  \\$aFTaSU$bFSUSP$cREVIEW$9LOCAL

