=LDR  00874nam a2200229Mi 4500
=008  \\\\\\s1990\\\\xx\\\\\\\\\\\\000\0\\\\\d
=040  \\$aFDA$beng$cFDA
=035  \\$a(FSUSCA)Horward_Row_2_Section_3_514
=049  \\$lHorward_Row_2_Section_3_514
=100  1\$aBrauer, Kinley
=245  10$aAustria in the Age of the French Revolution, 1789-1815 /$cKinley Brauer and William Wright
=264  \1$a[Place of publication not identified] :$bUniversity of Minnesota Press,$c1990
=300  \\$avolume
=336  \\$atext$btxt$2rdacontent
=337  \\$aunmediated$bn$2rdamedia
=338  \\$avolume$bnc$2rdacarrier
=500  \\$aTitle on spreadsheet: "Austria in the Age of the French Revolution, 1789-1815."
=500  \\$aCustom bindings.
=700  1\$aWright, William
=932  2\$aHorward Collection$9LOCAL
=936  1\$aHorward, Donald D.,$edonor$9LOCAL
=949  \\$aFTaSU$bFSUSP$cREVIEW$9LOCAL

