=LDR  00808nam a2200205Mi 4500
=008  \\\\\\s1902\\\\xx\\\\\\\\\\\\000\0\\\\\d
=040  \\$aFDA$beng$cFDA
=035  \\$a(FSUSCA)Horward_Row_2_Section_8_1350
=049  \\$lHorward_Row_2_Section_8_1350
=100  1\$aSmith, G.C. Moore
=245  14$aThe Autobiography of Lieutenant-General Sir Harry Smith, G.C.B. /$cEdited by G.C. Moore Smith
=264  \1$a[Place of publication not identified] :$bJohn Murray,$c1902
=300  \\$avolume
=336  \\$atext$btxt$2rdacontent
=337  \\$aunmediated$bn$2rdamedia
=338  \\$avolume$bnc$2rdacarrier
=500  \\$aTitle on spreadsheet: "The Autobiography of Lieutenant-General Sir Harry Smith, G.C.B.."
=932  2\$aHorward Collection$9LOCAL
=936  1\$aHorward, Donald D.,$edonor$9LOCAL
=949  \\$aFTaSU$bFSUSP$cREVIEW$9LOCAL

