=LDR  00752nam a2200217Mi 4500
=008  \\\\\\s1933\\\\xx\\\\\\\\\\\\000\0\\\\\d
=040  \\$aFDA$beng$cFDA
=035  \\$a(FSUSCA)Horward_Row_2_Section_7_1161
=049  \\$lHorward_Row_2_Section_7_1161
=100  1\$aDufourcq
=245  10$aAvec Bonaparte en Italie et Egypte /$cDufourcq
=250  \\$aNew Edition
=264  \1$a[Place of publication not identified] :$bLibrary Plon,$c1933
=300  \\$avolume
=336  \\$atext$btxt$2rdacontent
=337  \\$aunmediated$bn$2rdamedia
=338  \\$avolume$bnc$2rdacarrier
=500  \\$aTitle on spreadsheet: "Avec Bonaparte en Italie et Egypte."
=932  2\$aHorward Collection$9LOCAL
=936  1\$aHorward, Donald D.,$edonor$9LOCAL
=949  \\$aFTaSU$bFSUSP$cREVIEW$9LOCAL

