=LDR  00782nam a2200217Mi 4500
=008  \\\\\\s1937\\\\xx\\\\\\\\\\\\000\0\\\\\d
=040  \\$aFDA$beng$cFDA
=035  \\$a(FSUSCA)Horward_Row_2_Section_6_1003
=049  \\$lHorward_Row_2_Section_6_1003
=100  1\$aWalter, Gerard
=245  10$aBabeuf, 1760-1797 et la Conjuration des Egaux /$cGerard Walter
=264  \1$a[Place of publication not identified] :$bPayot,$c1937
=300  \\$avolume
=336  \\$atext$btxt$2rdacontent
=337  \\$aunmediated$bn$2rdamedia
=338  \\$avolume$bnc$2rdacarrier
=500  \\$aTitle on spreadsheet: "Babeuf: 1760-1797 et la Conjuration des Egaux."
=500  \\$aCustom binding.
=932  2\$aHorward Collection$9LOCAL
=936  1\$aHorward, Donald D.,$edonor$9LOCAL
=949  \\$aFTaSU$bFSUSP$cREVIEW$9LOCAL

