=LDR  00892nam a2200217Mi 4500
=008  \\\\\\s1949\\\\xx\\\\\\\\\\\\000\0\\\\\d
=040  \\$aFDA$beng$cFDA
=035  \\$a(FSUSCA)Horward_Row_2_Section_3_415
=049  \\$lHorward_Row_2_Section_3_415
=100  1\$aRiba, Juan Mercader
=245  10$aBarcelona Durante La Occupacion Francesa (1808-1814) /$cJuan Mercader Riba
=264  \1$a[Place of publication not identified] :$bConsejo Superior de investigaciones Cientificas Instituto Jeronimo Zurita Seccion de Barceola,$c1949
=300  \\$avolume
=336  \\$atext$btxt$2rdacontent
=337  \\$aunmediated$bn$2rdamedia
=338  \\$avolume$bnc$2rdacarrier
=500  \\$aTitle on spreadsheet: "Barcelona Durante La Occupacion Francesa (1808-1814)."
=500  \\$aCustom binding.
=932  2\$aHorward Collection$9LOCAL
=936  1\$aHorward, Donald D.,$edonor$9LOCAL
=949  \\$aFTaSU$bFSUSP$cREVIEW$9LOCAL

