=LDR  00744nam a2200205Mi 4500
=008  \\\\\\s1905\\\\xx\\\\\\\\\\\\000\0\\\\\d
=040  \\$aFDA$beng$cFDA
=035  \\$a(FSUSCA)Horward_Row_2_Section_10_1678
=049  \\$lHorward_Row_2_Section_10_1678
=100  1\$aKelly, Hyde
=245  14$aThe Battle of Wavre and Grouchy's Retreat /$cHyde Kelly
=264  \1$a[Place of publication not identified] :$bJohn Murray,$c1905
=300  \\$avolume
=336  \\$atext$btxt$2rdacontent
=337  \\$aunmediated$bn$2rdamedia
=338  \\$avolume$bnc$2rdacarrier
=500  \\$aTitle on spreadsheet: "The Battle of Wavre and Grouchy's Retreat."
=932  2\$aHorward Collection$9LOCAL
=936  1\$aHorward, Donald D.,$edonor$9LOCAL
=949  \\$aFTaSU$bFSUSP$cREVIEW$9LOCAL

