=LDR  00769nam a2200205Mi 4500
=008  \\\\\\s1935\\\\xx\\\\\\\\\\\\000\0\\\\\d
=040  \\$aFDA$beng$cFDA
=035  \\$a(FSUSCA)Horward_Row_4_Section_7_2435
=049  \\$lHorward_Row_4_Section_7_2435
=100  1\$aFrischauer, Paul
=245  10$aBeaumarchais, Adventurer in the Century of Women /$cPaul Frischauer
=264  \1$a[Place of publication not identified] :$bKennikat Press,$c1935
=300  \\$avolume
=336  \\$atext$btxt$2rdacontent
=337  \\$aunmediated$bn$2rdamedia
=338  \\$avolume$bnc$2rdacarrier
=500  \\$aTitle on spreadsheet: "Beaumarchais: Adventurer in the Century of Women."
=932  2\$aHorward Collection$9LOCAL
=936  1\$aHorward, Donald D.,$edonor$9LOCAL
=949  \\$aFTaSU$bFSUSP$cREVIEW$9LOCAL

