=LDR  00793nam a2200205Mi 4500
=008  \\\\\\s1969\\\\xx\\\\\\\\\\\\000\0\\\\\d
=040  \\$aFDA$beng$cFDA
=035  \\$a(FSUSCA)Horward_Row_2_Section_6_1055
=049  \\$lHorward_Row_2_Section_6_1055
=100  1\$aWright, Constance
=245  10$aBeautiful Enemy, A Biography of Queen Louise of Prussia /$cConstance Wright
=264  \1$a[Place of publication not identified] :$bDodd, Mead and Company,$c1969
=300  \\$avolume
=336  \\$atext$btxt$2rdacontent
=337  \\$aunmediated$bn$2rdamedia
=338  \\$avolume$bnc$2rdacarrier
=500  \\$aTitle on spreadsheet: "Beautiful Enemy: A Biography of Queen Louise of Prussia."
=932  2\$aHorward Collection$9LOCAL
=936  1\$aHorward, Donald D.,$edonor$9LOCAL
=949  \\$aFTaSU$bFSUSP$cREVIEW$9LOCAL

