=LDR  00889nam a2200205Mi 4500
=008  \\\\\\s2005\\\\xx\\\\\\\\\\\\000\0\\\\\d
=040  \\$aFDA$beng$cFDA
=035  \\$a(FSUSCA)Horward_Row_4_Section_5_2092
=049  \\$lHorward_Row_4_Section_5_2092
=100  1\$aMusteen, Jason R.
=245  10$aBecoming Nelson's Refuge and Wellington's Rock, The Ascendency of Gibraltar During the Age of Napoleon /$cJason R. Musteen
=264  \1$a[Place of publication not identified] :$bFlorida State University,$c2005
=300  \\$avolume
=336  \\$atext$btxt$2rdacontent
=337  \\$aunmediated$bn$2rdamedia
=338  \\$avolume$bnc$2rdacarrier
=500  \\$aTitle on spreadsheet: "Becoming Nelson's Refuge and Wellington's Rock: The Ascendency of Gibraltar During the Age of Napoleon."
=932  2\$aHorward Collection$9LOCAL
=936  1\$aHorward, Donald D.,$edonor$9LOCAL
=949  \\$aFTaSU$bFSUSP$cREVIEW$9LOCAL

