=LDR  00856nam a2200229Mi 4500
=008  \\\\\\s1907\\\\xx\\\\\\\\\\\\000\0\\\\\d
=040  \\$aFDA$beng$cFDA
=035  \\$a(FSUSCA)Horward_Row_4_Section_8_2570
=049  \\$lHorward_Row_4_Section_8_2570
=100  1\$aStanley, Edward
=245  10$aBefore and After Waterloo Letters from Edward Stanley /$cEdward Stanley (edited by Adeane and Grenfel)
=264  \1$a[Place of publication not identified] :$bT. Fisher Unwin,$c1907
=300  \\$avolume
=336  \\$atext$btxt$2rdacontent
=337  \\$aunmediated$bn$2rdamedia
=338  \\$avolume$bnc$2rdacarrier
=500  \\$aTitle on spreadsheet: "Before and After Waterloo Letters from Edward Stanley."
=700  1\$aAdeane
=700  1\$aGrenfel
=932  2\$aHorward Collection$9LOCAL
=936  1\$aHorward, Donald D.,$edonor$9LOCAL
=949  \\$aFTaSU$bFSUSP$cREVIEW$9LOCAL

