=LDR  00767nam a2200217Mi 4500
=008  \\\\\\s1901\\\\xx\\\\\\\\\\\\000\0\\\\\d
=040  \\$aFDA$beng$cFDA
=035  \\$a(FSUSCA)Horward_Row_2_Section_2_185
=049  \\$lHorward_Row_2_Section_2_185
=100  1\$aBoulger, Demetrius C.
=245  14$aThe Belgians at Waterloo /$cDemetrius C. Boulger
=264  \1$a[Place of publication not identified] :$bDemetrius C. Boulger,$c1901
=300  \\$avolume
=336  \\$atext$btxt$2rdacontent
=337  \\$aunmediated$bn$2rdamedia
=338  \\$avolume$bnc$2rdacarrier
=500  \\$aTitle on spreadsheet: "The Belgians at Waterloo."
=500  \\$aCustom binding.
=932  2\$aHorward Collection$9LOCAL
=936  1\$aHorward, Donald D.,$edonor$9LOCAL
=949  \\$aFTaSU$bFSUSP$cREVIEW$9LOCAL

