=LDR  00773nam a2200205Mi 4500
=008  \\\\\\s1968\\\\xx\\\\\\\\\\\\000\0\\\\\d
=040  \\$aFDA$beng$cFDA
=035  \\$a(FSUSCA)Horward_Row_2_Section_11_2002
=049  \\$lHorward_Row_2_Section_11_2002
=100  1\$aGirod de L'Ain, Gabriel
=245  10$aBernadotte, Chef de Guerre et Chef D'Etat /$cGabriel Girod de L'Ain
=264  \1$a[Place of publication not identified] :$bLibrairie Perrin,$c1968
=300  \\$avolume
=336  \\$atext$btxt$2rdacontent
=337  \\$aunmediated$bn$2rdamedia
=338  \\$avolume$bnc$2rdacarrier
=500  \\$aTitle on spreadsheet: "Bernadotte: Chef de Guerre et Chef D'Etat."
=932  2\$aHorward Collection$9LOCAL
=936  1\$aHorward, Donald D.,$edonor$9LOCAL
=949  \\$aFTaSU$bFSUSP$cREVIEW$9LOCAL

