=LDR  00703nam a2200205Mi 4500
=008  \\\\\\s1936\\\\xx\\\\\\\\\\\\000\0\\\\\d
=040  \\$aFDA$beng$cFDA
=035  \\$a(FSUSCA)Horward_Row_2_Section_7_1173
=049  \\$lHorward_Row_2_Section_7_1173
=100  1\$aEaton, Jeanette
=245  10$aBetsy's Napoleon /$cJeanette Eaton
=264  \1$a[Place of publication not identified] :$bWilliam Morrow,$c1936
=300  \\$avolume
=336  \\$atext$btxt$2rdacontent
=337  \\$aunmediated$bn$2rdamedia
=338  \\$avolume$bnc$2rdacarrier
=500  \\$aTitle on spreadsheet: "Betsy's Napoleon."
=932  2\$aHorward Collection$9LOCAL
=936  1\$aHorward, Donald D.,$edonor$9LOCAL
=949  \\$aFTaSU$bFSUSP$cREVIEW$9LOCAL

