=LDR  00770nam a2200217Mi 4500
=008  \\\\\\s2004\\\\xx\\\\\\\\\\\\000\0\\\\\d
=040  \\$aFDA$beng$cFDA
=035  \\$a(FSUSCA)Horward_Row_4_Section_7_2421
=049  \\$lHorward_Row_4_Section_7_2421
=100  1\$aRabin, Staton
=245  10$aBetsy and the Emperor /$cStaton Rabin
=264  \1$a[Place of publication not identified] :$bMargaret K. McElderry Books,$c2004
=300  \\$avolume
=336  \\$atext$btxt$2rdacontent
=337  \\$aunmediated$bn$2rdamedia
=338  \\$avolume$bnc$2rdacarrier
=500  \\$aTitle on spreadsheet: "Betsy and the Emperor."
=500  \\$aLetter from Simon and Schuster.
=932  2\$aHorward Collection$9LOCAL
=936  1\$aHorward, Donald D.,$edonor$9LOCAL
=949  \\$aFTaSU$bFSUSP$cREVIEW$9LOCAL

