=LDR  00882nam a2200229Mi 4500
=008  \\\\\\s1913\\\\xx\\\\\\\\\\\\000\0\\\\\d
=040  \\$aFDA$beng$cFDA
=035  \\$a(FSUSCA)Horward_Row_2_Section_3_499
=049  \\$lHorward_Row_2_Section_3_499
=100  1\$aHanoteau, Jean
=245  10$aBibliographie des Historiques des Regiments Francias /$cLe Capitaine Jean Hanoteau et Emile Bonnot
=264  \1$a[Place of publication not identified] :$bLibrairie Ancienne Honore Champion,$c1913
=300  \\$avolume
=336  \\$atext$btxt$2rdacontent
=337  \\$aunmediated$bn$2rdamedia
=338  \\$avolume$bnc$2rdacarrier
=500  \\$aTitle on spreadsheet: "Bibliographie des Historiques des Regiments Francias."
=500  \\$aCustom binding.
=700  1\$aBonnot, Emile
=932  2\$aHorward Collection$9LOCAL
=936  1\$aHorward, Donald D.,$edonor$9LOCAL
=949  \\$aFTaSU$bFSUSP$cREVIEW$9LOCAL

