=LDR  00777nam a2200217Mi 4500
=008  \\\\\\s1902\\\\xx\\\\\\\\\\\\000\0\\\\\d
=040  \\$aFDA$beng$cFDA
=035  \\$a(FSUSCA)Horward_Row_2_Section_3_403
=049  \\$lHorward_Row_2_Section_3_403
=100  1\$aKircheisen, F.
=245  10$aBibliographie Napoleonienne /$cF. Kircheisen
=264  \1$a[Place of publication not identified] :$bLibrairie Militaire R. Chapelot et Cie,$c1902
=300  \\$avolume
=336  \\$atext$btxt$2rdacontent
=337  \\$aunmediated$bn$2rdamedia
=338  \\$avolume$bnc$2rdacarrier
=500  \\$aTitle on spreadsheet: "Bibliographie Napoleonienne."
=500  \\$aCustom binding.
=932  2\$aHorward Collection$9LOCAL
=936  1\$aHorward, Donald D.,$edonor$9LOCAL
=949  \\$aFTaSU$bFSUSP$cREVIEW$9LOCAL

