=LDR  00817nam a2200205Mi 4500
=008  \\\\\\s1965\\\\xx\\\\\\\\\\\\000\0\\\\\d
=040  \\$aFDA$beng$cFDA
=035  \\$a(FSUSCA)Horward_Row_2_Section_8_1359
=049  \\$lHorward_Row_2_Section_8_1359
=100  1\$aWhite, Arthur S.
=245  10$aBibliography of Regiment Histories of the British Army /$ccompiled by Arthur S. White
=264  \1$a[Place of publication not identified] :$bSociety for Army Historical Research,$c1965
=300  \\$avolume
=336  \\$atext$btxt$2rdacontent
=337  \\$aunmediated$bn$2rdamedia
=338  \\$avolume$bnc$2rdacarrier
=500  \\$aTitle on spreadsheet: "A Bibliography of Regiment Histories of the British Army."
=932  2\$aHorward Collection$9LOCAL
=936  1\$aHorward, Donald D.,$edonor$9LOCAL
=949  \\$aFTaSU$bFSUSP$cREVIEW$9LOCAL

