=LDR  00794nam a2200205Mi 4500
=008  \\\\\\s2014\\\\xx\\\\\\\\\\\\000\0\\\\\d
=040  \\$aFDA$beng$cFDA
=035  \\$a(FSUSCA)Horward_Row_4_Section_7_2356
=049  \\$lHorward_Row_4_Section_7_2356
=100  1\$aLipscomb, Nick
=245  14$aThe Bicentenary of the Peninuslar War, A Commemorative Record /$cNick Lipscomb
=264  \1$a[Place of publication not identified] :$bOsprey Publishing,$c2014
=300  \\$avolume
=336  \\$atext$btxt$2rdacontent
=337  \\$aunmediated$bn$2rdamedia
=338  \\$avolume$bnc$2rdacarrier
=500  \\$aTitle on spreadsheet: "The Bicentenary of the Peninuslar War: A Commemorative Record."
=932  2\$aHorward Collection$9LOCAL
=936  1\$aHorward, Donald D.,$edonor$9LOCAL
=949  \\$aFTaSU$bFSUSP$cREVIEW$9LOCAL

