=LDR  00753nam a2200205Mi 4500
=008  \\\\\\s2007\\\\xx\\\\\\\\\\\\000\0\\\\\d
=040  \\$aFDA$beng$cFDA
=035  \\$a(FSUSCA)Horward_Row_2_Section_11_1913
=049  \\$lHorward_Row_2_Section_11_1913
=100  1\$aLeggiere, Michael V.
=245  10$aBlucher, Scourge of Napoleon /$cMichael V. Leggiere
=264  \1$a[Place of publication not identified] :$bUniversity of Oklahoma Press,$c2007
=300  \\$avolume
=336  \\$atext$btxt$2rdacontent
=337  \\$aunmediated$bn$2rdamedia
=338  \\$avolume$bnc$2rdacarrier
=500  \\$aTitle on spreadsheet: "Blucher: Scourge of Napoleon."
=932  2\$aHorward Collection$9LOCAL
=936  1\$aHorward, Donald D.,$edonor$9LOCAL
=949  \\$aFTaSU$bFSUSP$cREVIEW$9LOCAL

