=LDR  00779nam a2200217Mi 4500
=008  \\\\\\s1883\\\\xx\\\\\\\\\\\\000\0\\\\\d
=040  \\$aFDA$beng$cFDA
=035  \\$a(FSUSCA)Horward_Row_2_Section_3_422
=049  \\$lHorward_Row_2_Section_3_422
=100  1\$aLung, Th.
=245  10$aBonaparte et Son Temps, 1769-1799.$nVol. I /$cTh. Iung
=264  \1$a[Place of publication not identified] :$bG. Charpentier et Cie,$c1883
=300  \\$avolume
=336  \\$atext$btxt$2rdacontent
=337  \\$aunmediated$bn$2rdamedia
=338  \\$avolume$bnc$2rdacarrier
=500  \\$aTitle on spreadsheet: "Bonaparte et Son Temps, 1769-1799, Vol. I."
=500  \\$aCustom binding.
=932  2\$aHorward Collection$9LOCAL
=936  1\$aHorward, Donald D.,$edonor$9LOCAL
=949  \\$aFTaSU$bFSUSP$cREVIEW$9LOCAL

