=LDR  00780nam a2200217Mi 4500
=008  \\\\\\s1942\\\\xx\\\\\\\\\\\\000\0\\\\\d
=040  \\$aFDA$beng$cFDA
=035  \\$a(FSUSCA)Horward_Row_4_Section_7_2412
=049  \\$lHorward_Row_4_Section_7_2412
=100  1\$aD'Estre, Henry
=245  10$aBonaparte Les Annees Obscures 1769-1795 /$cHenry D'Estre
=264  \1$a[Place of publication not identified] :$bPlon et Nourrit,$c1942
=300  \\$avolume
=336  \\$atext$btxt$2rdacontent
=337  \\$aunmediated$bn$2rdamedia
=338  \\$avolume$bnc$2rdacarrier
=500  \\$aTitle on spreadsheet: "Bonaparte Les Annees Obscures 1769-1795."
=500  \\$aCustom binding.
=932  2\$aHorward Collection$9LOCAL
=936  1\$aHorward, Donald D.,$edonor$9LOCAL
=949  \\$aFTaSU$bFSUSP$cREVIEW$9LOCAL

