=LDR  00729nam a2200217Mi 4500
=008  \\\\\\s1966\\\\xx\\\\\\\\\\\\000\0\\\\\d
=040  \\$aFDA$beng$cFDA
=035  \\$a(FSUSCA)Horward_Row_4_Section_8_2637
=049  \\$lHorward_Row_4_Section_8_2637
=100  1\$aStacton, David
=245  14$aThe Bonapartes /$cDavid Stacton
=250  \\$a3rd Edition
=264  \1$a[Place of publication not identified] :$bSimon and Schuster,$c1966
=300  \\$avolume
=336  \\$atext$btxt$2rdacontent
=337  \\$aunmediated$bn$2rdamedia
=338  \\$avolume$bnc$2rdacarrier
=500  \\$aTitle on spreadsheet: "The Bonapartes."
=932  2\$aHorward Collection$9LOCAL
=936  1\$aHorward, Donald D.,$edonor$9LOCAL
=949  \\$aFTaSU$bFSUSP$cREVIEW$9LOCAL

