=LDR  00856nam a2200217Mi 4500
=008  \\\\\\s2003\\\\xx\\\\\\\\\\\\000\0\\\\\d
=040  \\$aFDA$beng$cFDA
=035  \\$a(FSUSCA)Horward_Row_2_Section_9_1548
=049  \\$lHorward_Row_2_Section_9_1548
=110  2\$aInternational Scientific Conference
=245  10$aBorodino and Napoleonic Wars battles, battlefields memorials /$cInternational Scientific Conference
=250  \\$aRussian Edition
=264  \1$a[Place of publication not identified] :$bMockba,$c2003
=300  \\$avolume
=336  \\$atext$btxt$2rdacontent
=337  \\$aunmediated$bn$2rdamedia
=338  \\$avolume$bnc$2rdacarrier
=500  \\$aTitle on spreadsheet: "Borodino and Napoleonic Wars battles, battlefields memorials."
=932  2\$aHorward Collection$9LOCAL
=936  1\$aHorward, Donald D.,$edonor$9LOCAL
=949  \\$aFTaSU$bFSUSP$cREVIEW$9LOCAL

