=LDR  00767nam a2200217Mi 4500
=008  \\\\\\s1811\\\\xx\\\\\\\\\\\\000\0\\\\\d
=040  \\$aFDA$beng$cFDA
=035  \\$a(FSUSCA)Horward_Row_2_Section_3_525
=049  \\$lHorward_Row_2_Section_3_525
=245  00$aBosquejo do Campanha de Portugal
=264  \1$a[Place of publication not identified] :$bNa Impressao Regia,$c1811
=300  \\$avolume
=336  \\$atext$btxt$2rdacontent
=337  \\$aunmediated$bn$2rdamedia
=338  \\$avolume$bnc$2rdacarrier
=500  \\$aTitle on spreadsheet: "Bosquejo do Campanha de Portugal."
=500  \\$aCustom binding.
=500  \\$aMultiple articles in this book.
=932  2\$aHorward Collection$9LOCAL
=936  1\$aHorward, Donald D.,$edonor$9LOCAL
=949  \\$aFTaSU$bFSUSP$cREVIEW$9LOCAL

