=LDR  00831nam a2200217Mi 4500
=008  \\\\\\s1981\\\\xx\\\\\\\\\\\\000\0\\\\\d
=040  \\$aFDA$beng$cFDA
=035  \\$a(FSUSCA)Horward_Row_2_Section_11_2009
=049  \\$lHorward_Row_2_Section_11_2009
=100  1\$aSlavin, Morris
=245  10$aBourgeois, Sans Culottes, and Other Frenchmen /$cMorris Slavin and Agnes M. Smith
=264  \1$a[Place of publication not identified] :$bWilfried Laurier University Press,$c1981
=300  \\$avolume
=336  \\$atext$btxt$2rdacontent
=337  \\$aunmediated$bn$2rdamedia
=338  \\$avolume$bnc$2rdacarrier
=500  \\$aTitle on spreadsheet: "Bourgeois, Sans Culottes, and Other Frenchmen."
=700  1\$aSmith, Agnes M.
=932  2\$aHorward Collection$9LOCAL
=936  1\$aHorward, Donald D.,$edonor$9LOCAL
=949  \\$aFTaSU$bFSUSP$cREVIEW$9LOCAL

