=LDR  00906nam a2200217Mi 4500
=008  \\\\\\s1899\\\\xx\\\\\\\\\\\\000\0\\\\\d
=040  \\$aFDA$beng$cFDA
=035  \\$a(FSUSCA)Horward_Row_2_Section_8_1356
=049  \\$lHorward_Row_2_Section_8_1356
=100  1\$aBlakeney, Robert
=245  10$aBoy in the Peninsular War, The Services, Adventures, and Experiences of Robert Blakeney /$cRobert Blakeney (edited by Julian Sturgis )
=264  \1$a[Place of publication not identified] :$bJohn Murray,$c1899
=300  \\$avolume
=336  \\$atext$btxt$2rdacontent
=337  \\$aunmediated$bn$2rdamedia
=338  \\$avolume$bnc$2rdacarrier
=500  \\$aTitle on spreadsheet: "A Boy in the Peninsular War: The Services, Adventures, and Experiences of Robert Blakeney."
=700  1\$aSturgis, Julian
=932  2\$aHorward Collection$9LOCAL
=936  1\$aHorward, Donald D.,$edonor$9LOCAL
=949  \\$aFTaSU$bFSUSP$cREVIEW$9LOCAL

