=LDR  00734nam a2200205Mi 4500
=008  \\\\\\s1912\\\\xx\\\\\\\\\\\\000\0\\\\\d
=040  \\$aFDA$beng$cFDA
=035  \\$a(FSUSCA)Horward_Row_4_Section_6_2178
=049  \\$lHorward_Row_4_Section_6_2178
=100  1\$aAtteridge, A. Hilliard
=245  14$aThe Bravest of the Brave /$cA. Hilliard Atteridge
=264  \1$a[Place of publication not identified] :$bMethuen and Co.,$c1912
=300  \\$avolume
=336  \\$atext$btxt$2rdacontent
=337  \\$aunmediated$bn$2rdamedia
=338  \\$avolume$bnc$2rdacarrier
=500  \\$aTitle on spreadsheet: "The Bravest of the Brave."
=932  2\$aHorward Collection$9LOCAL
=936  1\$aHorward, Donald D.,$edonor$9LOCAL
=949  \\$aFTaSU$bFSUSP$cREVIEW$9LOCAL

