=LDR  00784nam a2200205Mi 4500
=008  \\\\\\s1937\\\\xx\\\\\\\\\\\\000\0\\\\\d
=040  \\$aFDA$beng$cFDA
=035  \\$a(FSUSCA)Horward_Row_2_Section_10_1663
=049  \\$lHorward_Row_2_Section_10_1663
=100  1\$aWakeham, Eric
=245  14$aThe Bravest Soldier Sir Rollo Gillespie 1766-1814 /$cEric Wakeham
=264  \1$a[Place of publication not identified] :$bWilliam Blackwood and Sons Ltd.,$c1937
=300  \\$avolume
=336  \\$atext$btxt$2rdacontent
=337  \\$aunmediated$bn$2rdamedia
=338  \\$avolume$bnc$2rdacarrier
=500  \\$aTitle on spreadsheet: "The Bravest Soldier Sir Rollo Gillespie 1766-1814."
=932  2\$aHorward Collection$9LOCAL
=936  1\$aHorward, Donald D.,$edonor$9LOCAL
=949  \\$aFTaSU$bFSUSP$cREVIEW$9LOCAL

