=LDR  00712nam a2200205Mi 4500
=008  \\\\\\s1943\\\\xx\\\\\\\\\\\\000\0\\\\\d
=040  \\$aFDA$beng$cFDA
=035  \\$a(FSUSCA)Horward_Row_2_Section_6_934
=049  \\$lHorward_Row_2_Section_6_934
=100  1\$aOman, Carola
=245  10$aBritain Against Napoleon /$cCarola Oman
=264  \1$a[Place of publication not identified] :$bFaber and Faber,$c1943
=300  \\$avolume
=336  \\$atext$btxt$2rdacontent
=337  \\$aunmediated$bn$2rdamedia
=338  \\$avolume$bnc$2rdacarrier
=500  \\$aTitle on spreadsheet: "Britain Against Napoleon."
=932  2\$aHorward Collection$9LOCAL
=936  1\$aHorward, Donald D.,$edonor$9LOCAL
=949  \\$aFTaSU$bFSUSP$cREVIEW$9LOCAL

