=LDR  00803nam a2200205Mi 4500
=008  \\\\\\s1970\\\\xx\\\\\\\\\\\\000\0\\\\\d
=040  \\$aFDA$beng$cFDA
=035  \\$a(FSUSCA)Horward_Row_4_Section_6_2199
=049  \\$lHorward_Row_4_Section_6_2199
=100  1\$aGlover, MIchael
=245  10$aBritannia Sickens, Sir Arthur Wellesley and the Convention of Cintra /$cMIchael Glover
=264  \1$a[Place of publication not identified] :$bLeo Cooper,$c1970
=300  \\$avolume
=336  \\$atext$btxt$2rdacontent
=337  \\$aunmediated$bn$2rdamedia
=338  \\$avolume$bnc$2rdacarrier
=500  \\$aTitle on spreadsheet: "Britannia Sickens: Sir Arthur Wellesley and the Convention of Cintra."
=932  2\$aHorward Collection$9LOCAL
=936  1\$aHorward, Donald D.,$edonor$9LOCAL
=949  \\$aFTaSU$bFSUSP$cREVIEW$9LOCAL

