=LDR  00782nam a2200205Mi 4500
=008  \\\\\\s1907\\\\xx\\\\\\\\\\\\000\0\\\\\d
=040  \\$aFDA$beng$cFDA
=035  \\$a(FSUSCA)Horward_Row_2_Section_11_1977
=049  \\$lHorward_Row_2_Section_11_1977
=100  1\$aMaguire, T. Miller
=245  14$aThe British Army Under Wellington, 1813-1814 /$cT. Miller Maguire
=264  \1$a[Place of publication not identified] :$bWilliam Clowes and Sons, Ltd.,$c1907
=300  \\$avolume
=336  \\$atext$btxt$2rdacontent
=337  \\$aunmediated$bn$2rdamedia
=338  \\$avolume$bnc$2rdacarrier
=500  \\$aTitle on spreadsheet: "The British Army Under Wellington, 1813-1814."
=932  2\$aHorward Collection$9LOCAL
=936  1\$aHorward, Donald D.,$edonor$9LOCAL
=949  \\$aFTaSU$bFSUSP$cREVIEW$9LOCAL

