=LDR  00747nam a2200205Mi 4500
=008  \\\\\\s1871\\\\xx\\\\\\\\\\\\000\0\\\\\d
=040  \\$aFDA$beng$cFDA
=035  \\$a(FSUSCA)Horward_Row_4_Section_8_2569
=049  \\$lHorward_Row_4_Section_8_2569
=100  1\$aRobinson, C.W.
=245  10$aBritish Campaigns in the Peninsula /$cC.W. Robinson
=264  \1$a[Place of publication not identified] :$bMitchel and Co. Military,$c1871
=300  \\$avolume
=336  \\$atext$btxt$2rdacontent
=337  \\$aunmediated$bn$2rdamedia
=338  \\$avolume$bnc$2rdacarrier
=500  \\$aTitle on spreadsheet: "British Campaigns in the Peninsula."
=932  2\$aHorward Collection$9LOCAL
=936  1\$aHorward, Donald D.,$edonor$9LOCAL
=949  \\$aFTaSU$bFSUSP$cREVIEW$9LOCAL

