=LDR  00839nam a2200205Mi 4500
=008  \\\\\\s1971\\\\xx\\\\\\\\\\\\000\0\\\\\d
=040  \\$aFDA$beng$cFDA
=035  \\$a(FSUSCA)Horward_Row_4_Section_5_2126
=049  \\$lHorward_Row_4_Section_5_2126
=100  1\$aRenn, Erin McCawley
=245  10$aBritish Civil and Military Preparations against Napoleon's Planned Invasion /$cErin McCawley Renn
=264  \1$a[Place of publication not identified] :$bFlorida State University,$c1971
=300  \\$avolume
=336  \\$atext$btxt$2rdacontent
=337  \\$aunmediated$bn$2rdamedia
=338  \\$avolume$bnc$2rdacarrier
=500  \\$aTitle on spreadsheet: "British Civil and Military Preparations against Napoleon's Planned Invasion."
=932  2\$aHorward Collection$9LOCAL
=936  1\$aHorward, Donald D.,$edonor$9LOCAL
=949  \\$aFTaSU$bFSUSP$cREVIEW$9LOCAL

