=LDR  00744nam a2200205Mi 4500
=008  \\\\\\s1921\\\\xx\\\\\\\\\\\\000\0\\\\\d
=040  \\$aFDA$beng$cFDA
=035  \\$a(FSUSCA)Horward_Row_2_Section_8_1275
=049  \\$lHorward_Row_2_Section_8_1275
=100  1\$aWebster, C.K.
=245  10$aBritish Diplomacy 1813-1815 /$cEdited by C.K. Webster, M.A.
=264  \1$a[Place of publication not identified] :$bG. Bell and Sons LTD.,$c1921
=300  \\$avolume
=336  \\$atext$btxt$2rdacontent
=337  \\$aunmediated$bn$2rdamedia
=338  \\$avolume$bnc$2rdacarrier
=500  \\$aTitle on spreadsheet: "British Diplomacy 1813-1815."
=932  2\$aHorward Collection$9LOCAL
=936  1\$aHorward, Donald D.,$edonor$9LOCAL
=949  \\$aFTaSU$bFSUSP$cREVIEW$9LOCAL

