=LDR  00718nam a2200205Mi 4500
=008  \\\\\\s1991\\\\xx\\\\\\\\\\\\000\0\\\\\d
=040  \\$aFDA$beng$cFDA
=035  \\$a(FSUSCA)Horward_Row_2_Section_11_1899
=049  \\$lHorward_Row_2_Section_11_1899
=100  1\$aKusak, Dalibor
=245  10$aBrno A Okoli Brno...Brunn... /$cDalibor Kusak
=264  \1$a[Place of publication not identified] :$bPraha,$c1991
=300  \\$avolume
=336  \\$atext$btxt$2rdacontent
=337  \\$aunmediated$bn$2rdamedia
=338  \\$avolume$bnc$2rdacarrier
=500  \\$aTitle on spreadsheet: "Brno A Okoli Brno...Brunn...."
=932  2\$aHorward Collection$9LOCAL
=936  1\$aHorward, Donald D.,$edonor$9LOCAL
=949  \\$aFTaSU$bFSUSP$cREVIEW$9LOCAL

