=LDR  00726nam a2200205Mi 4500
=008  \\\\\\s1985\\\\xx\\\\\\\\\\\\000\0\\\\\d
=040  \\$aFDA$beng$cFDA
=035  \\$a(FSUSCA)Horward_Row_4_Section_7_2458
=049  \\$lHorward_Row_4_Section_7_2458
=100  1\$aVon Pivka, Otto
=245  10$aBrunswick Troops 1809-1815 /$cOtto Von Pivka
=264  \1$a[Place of publication not identified] :$bOsprey Publishing,$c1985
=300  \\$avolume
=336  \\$atext$btxt$2rdacontent
=337  \\$aunmediated$bn$2rdamedia
=338  \\$avolume$bnc$2rdacarrier
=500  \\$aTitle on spreadsheet: "Brunswick Troops 1809-1815."
=932  2\$aHorward Collection$9LOCAL
=936  1\$aHorward, Donald D.,$edonor$9LOCAL
=949  \\$aFTaSU$bFSUSP$cREVIEW$9LOCAL

