=LDR  00765nam a2200205Mi 4500
=008  \\\\\\s1922\\\\xx\\\\\\\\\\\\000\0\\\\\d
=040  \\$aFDA$beng$cFDA
=035  \\$a(FSUSCA)Horward_Row_2_Section_9_1454
=049  \\$lHorward_Row_2_Section_9_1454
=110  2\$aMinistry Du Commerce
=245  10$aBulletin des lois de la Rpublique Franchaise /$cMinistry Du Commerce
=264  \1$a[Place of publication not identified] :$bParis,$c1922
=300  \\$avolume
=336  \\$atext$btxt$2rdacontent
=337  \\$aunmediated$bn$2rdamedia
=338  \\$avolume$bnc$2rdacarrier
=500  \\$aTitle on spreadsheet: "Bulletin des lois de la Rpublique Franchaise."
=932  2\$aHorward Collection$9LOCAL
=936  1\$aHorward, Donald D.,$edonor$9LOCAL
=949  \\$aFTaSU$bFSUSP$cREVIEW$9LOCAL

