=LDR  00806nam a2200217Mi 4500
=008  \\\\\\s1907\\\\xx\\\\\\\\\\\\000\0\\\\\d
=040  \\$aFDA$beng$cFDA
=035  \\$a(FSUSCA)Horward_Row_2_Section_4_605
=049  \\$lHorward_Row_2_Section_4_605
=100  1\$aVicaire, Georges
=245  10$aBulletin du Bibliophile et du Bibliothecaire /$cGeorges Vicaire
=264  \1$a[Place of publication not identified] :$bParis Librairie Henri Leclerc,$c1907
=300  \\$avolume
=336  \\$atext$btxt$2rdacontent
=337  \\$aunmediated$bn$2rdamedia
=338  \\$avolume$bnc$2rdacarrier
=500  \\$aTitle on spreadsheet: "Bulletin du Bibliophile et du Bibliothecaire."
=500  \\$aCustom binding.
=932  2\$aHorward Collection$9LOCAL
=936  1\$aHorward, Donald D.,$edonor$9LOCAL
=949  \\$aFTaSU$bFSUSP$cREVIEW$9LOCAL

