=LDR  00807nam a2200205Mi 4500
=008  \\\\\\s1932\\\\xx\\\\\\\\\\\\000\0\\\\\d
=040  \\$aFDA$beng$cFDA
=035  \\$a(FSUSCA)Horward_Row_4_Section_6_2327
=049  \\$lHorward_Row_4_Section_6_2327
=110  2\$aFlorida State University
=245  10$aBulletin of Florida State College for Women.$nVol. XXV /$cFlorida State University
=264  \1$a[Place of publication not identified] :$bFlorida State University,$c1932
=300  \\$avolume
=336  \\$atext$btxt$2rdacontent
=337  \\$aunmediated$bn$2rdamedia
=338  \\$avolume$bnc$2rdacarrier
=500  \\$aTitle on spreadsheet: "Bulletin of Florida State College for Women, Vol. XXV."
=932  2\$aHorward Collection$9LOCAL
=936  1\$aHorward, Donald D.,$edonor$9LOCAL
=949  \\$aFTaSU$bFSUSP$cREVIEW$9LOCAL

