=LDR  00842nam a2200205Mi 4500
=008  \\\\\\s1979\\\\xx\\\\\\\\\\\\000\0\\\\\d
=040  \\$aFDA$beng$cFDA
=035  \\$a(FSUSCA)Horward_Row_4_Section_6_2154
=049  \\$lHorward_Row_4_Section_6_2154
=100  1\$aParker, Harold T.
=245  14$aThe Bureau of Commerce in 1781 and Its Policies With Respect to French Industry /$cHarold T. Parker
=264  \1$a[Place of publication not identified] :$bCarolina Academic Press,$c1979
=300  \\$avolume
=336  \\$atext$btxt$2rdacontent
=337  \\$aunmediated$bn$2rdamedia
=338  \\$avolume$bnc$2rdacarrier
=500  \\$aTitle on spreadsheet: "The Bureau of Commerce in 1781 and Its Policies With Respect to French Industry."
=932  2\$aHorward Collection$9LOCAL
=936  1\$aHorward, Donald D.,$edonor$9LOCAL
=949  \\$aFTaSU$bFSUSP$cREVIEW$9LOCAL

