=LDR  00961nam a2200205Mi 4500
=008  \\\\\\s1905\\\\xx\\\\\\\\\\\\000\0\\\\\d
=040  \\$aFDA$beng$cFDA
=035  \\$a(FSUSCA)Horward_Row_2_Section_8_1422
=049  \\$lHorward_Row_2_Section_8_1422
=100  1\$aSergeant, Philip W.
=245  14$aThe Burlesque Napoleon, Being the Story of the Life and the Kingship of Jerome Napoleon Bonaparte, Youngest Brother of Napoleon the Great /$cPhilip W. Sergeant, B.A.
=264  \1$a[Place of publication not identified] :$bT. Werner Laurie,$c1905
=300  \\$avolume
=336  \\$atext$btxt$2rdacontent
=337  \\$aunmediated$bn$2rdamedia
=338  \\$avolume$bnc$2rdacarrier
=500  \\$aTitle on spreadsheet: "The Burlesque Napoleon: Being the Story of the Life and the Kingship of Jerome Napoleon Bonaparte, Youngest Brother of Napoleon the Great."
=932  2\$aHorward Collection$9LOCAL
=936  1\$aHorward, Donald D.,$edonor$9LOCAL
=949  \\$aFTaSU$bFSUSP$cREVIEW$9LOCAL

