=LDR  00846nam a2200217Mi 4500
=008  \\\\\\s1916\\\\xx\\\\\\\\\\\\000\0\\\\\d
=040  \\$aFDA$beng$cFDA
=035  \\$a(FSUSCA)Horward_Row_2_Section_3_511
=049  \\$lHorward_Row_2_Section_3_511
=100  1\$aDalgado, D.G.
=245  10$aBussaco, Its Monastery, Battle, and Woods, and Its Uses as a Health Resort /$cD.G. Dalgado
=264  \1$a[Place of publication not identified] :$bTorres and Cta.,$c1916
=300  \\$avolume
=336  \\$atext$btxt$2rdacontent
=337  \\$aunmediated$bn$2rdamedia
=338  \\$avolume$bnc$2rdacarrier
=500  \\$aTitle on spreadsheet: "Bussaco: Its Monastery, Battle, and Woods, and Its Uses as a Health Resort."
=500  \\$aCustom binding.
=932  2\$aHorward Collection$9LOCAL
=936  1\$aHorward, Donald D.,$edonor$9LOCAL
=949  \\$aFTaSU$bFSUSP$cREVIEW$9LOCAL

