=LDR  00834nam a2200217Mi 4500
=008  \\\\\\s1989\\\\xx\\\\\\\\\\\\000\0\\\\\d
=040  \\$aFDA$beng$cFDA
=035  \\$a(FSUSCA)Horward_Row_2_Section_9_1615
=049  \\$lHorward_Row_2_Section_9_1615
=100  1\$aMene
=245  10$aCahiers des Plaintes et Doleances de Loire-Atlantique.$nVol 1 /$cMene and Santrot
=264  \1$a[Place of publication not identified] :$bEdition du Conseil Gnral de Loire-Atlantique,$c1989
=300  \\$avolume
=336  \\$atext$btxt$2rdacontent
=337  \\$aunmediated$bn$2rdamedia
=338  \\$avolume$bnc$2rdacarrier
=500  \\$aTitle on spreadsheet: "Cahiers des Plaintes et Doleances de Loire-Atlantique."
=700  1\$aSantrot
=932  2\$aHorward Collection$9LOCAL
=936  1\$aHorward, Donald D.,$edonor$9LOCAL
=949  \\$aFTaSU$bFSUSP$cREVIEW$9LOCAL

