=LDR  00741nam a2200205Mi 4500
=008  \\\\\\s1895\\\\xx\\\\\\\\\\\\000\0\\\\\d
=040  \\$aFDA$beng$cFDA
=035  \\$a(FSUSCA)Horward_Row_2_Section_6_912
=049  \\$lHorward_Row_2_Section_6_912
=100  1\$aWood, Evelyn
=245  10$aCalvary in the Waterloo Campaign /$cEvelyn Wood
=264  \1$a[Place of publication not identified] :$bSampson Low, Marston and Co.,$c1895
=300  \\$avolume
=336  \\$atext$btxt$2rdacontent
=337  \\$aunmediated$bn$2rdamedia
=338  \\$avolume$bnc$2rdacarrier
=500  \\$aTitle on spreadsheet: "Calvary in the Waterloo Campaign."
=932  2\$aHorward Collection$9LOCAL
=936  1\$aHorward, Donald D.,$edonor$9LOCAL
=949  \\$aFTaSU$bFSUSP$cREVIEW$9LOCAL

