=LDR  00904nam a2200229Mi 4500
=008  \\\\\\s1969\\\\xx\\\\\\\\\\\\000\0\\\\\d
=040  \\$aFDA$beng$cFDA
=035  \\$a(FSUSCA)Horward_Row_2_Section_11_2001
=049  \\$lHorward_Row_2_Section_11_2001
=100  1\$aWard, A. W.
=245  14$aThe Cambridge Modern History, The French Revolution.$nVol. VIII /$cA. W. Ward, G. W. Prothero, and Stanley Leathes
=264  \1$a[Place of publication not identified] :$bCambridge University Press,$c1969
=300  \\$avolume
=336  \\$atext$btxt$2rdacontent
=337  \\$aunmediated$bn$2rdamedia
=338  \\$avolume$bnc$2rdacarrier
=500  \\$aTitle on spreadsheet: "The Cambridge Modern History: The French Revolution, Vol. VIII."
=700  1\$aProthero, G. W.
=700  1\$aLeathes, Stanley
=932  2\$aHorward Collection$9LOCAL
=936  1\$aHorward, Donald D.,$edonor$9LOCAL
=949  \\$aFTaSU$bFSUSP$cREVIEW$9LOCAL

