=LDR  00893nam a2200217Mi 4500
=008  \\\\\\suuuu\\\\xx\\\\\\\\\\\\000\0\\\\\d
=040  \\$aFDA$beng$cFDA
=035  \\$a(FSUSCA)Horward_Row_2_Section_3_451
=049  \\$lHorward_Row_2_Section_3_451
=100  1\$aVermeil de Conchard, Brevete
=245  10$aCampagne et Defection Du Corps Prussien de la Grande Armee /$cColonel Brevete Vermeil de Conchard
=264  \1$a[Place of publication not identified] :$bHenri Charles-Lavauzelle,$c[date of publication not identified]
=300  \\$avolume
=336  \\$atext$btxt$2rdacontent
=337  \\$aunmediated$bn$2rdamedia
=338  \\$avolume$bnc$2rdacarrier
=500  \\$aTitle on spreadsheet: "Campagne et Defection Du Corps Prussien de la Grande Armee."
=500  \\$aCustom binding.
=932  2\$aHorward Collection$9LOCAL
=936  1\$aHorward, Donald D.,$edonor$9LOCAL
=949  \\$aFTaSU$bFSUSP$cREVIEW$9LOCAL

