=LDR  00806nam a2200217Mi 4500
=008  \\\\\\s2007\\\\xx\\\\\\\\\\\\000\0\\\\\d
=040  \\$aFDA$beng$cFDA
=035  \\$a(FSUSCA)Horward_Row_2_Section_9_1527
=049  \\$lHorward_Row_2_Section_9_1527
=100  1\$aMikaberidze, Alexander
=245  10$aCampaign Chronicles The Battle of Borodino /$cAlexander Mikaberidze
=264  \1$a[Place of publication not identified] :$bPen and Sword Military,$c2007
=300  \\$avolume
=336  \\$atext$btxt$2rdacontent
=337  \\$aunmediated$bn$2rdamedia
=338  \\$avolume$bnc$2rdacarrier
=500  \\$aTitle on spreadsheet: "Campaign Chronicles The Battle of Borodino."
=500  \\$aAutographed.
=932  2\$aHorward Collection$9LOCAL
=936  1\$aHorward, Donald D.,$edonor$9LOCAL
=949  \\$aFTaSU$bFSUSP$cREVIEW$9LOCAL

