=LDR  00792nam a2200205Mi 4500
=008  \\\\\\s1993\\\\xx\\\\\\\\\\\\000\0\\\\\d
=040  \\$aFDA$beng$cFDA
=035  \\$a(FSUSCA)Horward_Row_2_Section_6_903
=049  \\$lHorward_Row_2_Section_6_903
=100  1\$aFeatherstone, Donald
=245  10$aCampaigning With the Duke of Wellington and Featherstone /$cDonald Featherstone
=264  \1$a[Place of publication not identified] :$bEmperor's Press,$c1993
=300  \\$avolume
=336  \\$atext$btxt$2rdacontent
=337  \\$aunmediated$bn$2rdamedia
=338  \\$avolume$bnc$2rdacarrier
=500  \\$aTitle on spreadsheet: "Campaigning With the Duke of Wellington and Featherstone."
=932  2\$aHorward Collection$9LOCAL
=936  1\$aHorward, Donald D.,$edonor$9LOCAL
=949  \\$aFTaSU$bFSUSP$cREVIEW$9LOCAL

