=LDR  00765nam a2200205Mi 4500
=008  \\\\\\s1935\\\\xx\\\\\\\\\\\\000\0\\\\\d
=040  \\$aFDA$beng$cFDA
=035  \\$a(FSUSCA)Horward_Row_2_Section_1_88
=049  \\$lHorward_Row_2_Section_1_88
=100  1\$aHojer, Torvald T:son
=245  10$aCarl Johan I den Stora Koalitionen mot Napoleon /$cHojer, Torvald T:son
=264  \1$a[Place of publication not identified] :$bUppsala,$c1935
=300  \\$avolume
=336  \\$atext$btxt$2rdacontent
=337  \\$aunmediated$bn$2rdamedia
=338  \\$avolume$bnc$2rdacarrier
=500  \\$aTitle on spreadsheet: "Carl Johan I den Stora Koalitionen mot Napoleon."
=932  2\$aHorward Collection$9LOCAL
=936  1\$aHorward, Donald D.,$edonor$9LOCAL
=949  \\$aFTaSU$bFSUSP$cREVIEW$9LOCAL

