=LDR  00758nam a2200205Mi 4500
=008  \\\\\\s1993\\\\xx\\\\\\\\\\\\000\0\\\\\d
=040  \\$aFDA$beng$cFDA
=035  \\$a(FSUSCA)Horward_Row_2_Section_7_1247
=049  \\$lHorward_Row_2_Section_7_1247
=100  1\$aScales, Robert H.
=245  10$aCertain Victory, The US Army in the Gulf War /$cRobert H. Scales
=264  \1$a[Place of publication not identified] :$bU.S. Army,$c1993
=300  \\$avolume
=336  \\$atext$btxt$2rdacontent
=337  \\$aunmediated$bn$2rdamedia
=338  \\$avolume$bnc$2rdacarrier
=500  \\$aTitle on spreadsheet: "Certain Victory: The US Army in the Gulf War."
=932  2\$aHorward Collection$9LOCAL
=936  1\$aHorward, Donald D.,$edonor$9LOCAL
=949  \\$aFTaSU$bFSUSP$cREVIEW$9LOCAL

