=LDR  00816nam a2200217Mi 4500
=008  \\\\\\suuuu\\\\xx\\\\\\\\\\\\000\0\\\\\d
=040  \\$aFDA$beng$cFDA
=035  \\$a(FSUSCA)Horward_Row_2_Section_3_418
=049  \\$lHorward_Row_2_Section_3_418
=100  1\$ade Bonnefon, Jean
=245  10$aCeuvres Inedites du Comte Rostoptchine /$cJean de Bonnefon
=264  \1$a[Place of publication not identified] :$bE. Dentu, Editeur,$c[date of publication not identified]
=300  \\$avolume
=336  \\$atext$btxt$2rdacontent
=337  \\$aunmediated$bn$2rdamedia
=338  \\$avolume$bnc$2rdacarrier
=500  \\$aTitle on spreadsheet: "Ceuvres Inedites du Comte Rostoptchine."
=500  \\$aCustom binding.
=932  2\$aHorward Collection$9LOCAL
=936  1\$aHorward, Donald D.,$edonor$9LOCAL
=949  \\$aFTaSU$bFSUSP$cREVIEW$9LOCAL

