=LDR  00764nam a2200205Mi 4500
=008  \\\\\\s1952\\\\xx\\\\\\\\\\\\000\0\\\\\d
=040  \\$aFDA$beng$cFDA
=035  \\$a(FSUSCA)Horward_Row_4_Section_7_2556
=049  \\$lHorward_Row_4_Section_7_2556
=100  1\$aLawrence, Rosamond
=245  10$aCharles Napier, Friend and Fighter, 1782-1853 /$cRosamond Lawrence
=264  \1$a[Place of publication not identified] :$bJohn Murray,$c1952
=300  \\$avolume
=336  \\$atext$btxt$2rdacontent
=337  \\$aunmediated$bn$2rdamedia
=338  \\$avolume$bnc$2rdacarrier
=500  \\$aTitle on spreadsheet: "Charles Napier: Friend and Fighter, 1782-1853."
=932  2\$aHorward Collection$9LOCAL
=936  1\$aHorward, Donald D.,$edonor$9LOCAL
=949  \\$aFTaSU$bFSUSP$cREVIEW$9LOCAL

