=LDR  00791nam a2200205Mi 4500
=008  \\\\\\s1924\\\\xx\\\\\\\\\\\\000\0\\\\\d
=040  \\$aFDA$beng$cFDA
=035  \\$a(FSUSCA)Horward_Row_2_Section_1_96
=049  \\$lHorward_Row_2_Section_1_96
=100  1\$aCher, Marie
=245  10$aCharlotte Corday and Certain Men of the Revolutionary Torment /$cCher, Marie
=264  \1$a[Place of publication not identified] :$bD. Appleton and Company,$c1924
=300  \\$avolume
=336  \\$atext$btxt$2rdacontent
=337  \\$aunmediated$bn$2rdamedia
=338  \\$avolume$bnc$2rdacarrier
=500  \\$aTitle on spreadsheet: "Charlotte Corday and Certain Men of the Revolutionary Torment."
=932  2\$aHorward Collection$9LOCAL
=936  1\$aHorward, Donald D.,$edonor$9LOCAL
=949  \\$aFTaSU$bFSUSP$cREVIEW$9LOCAL

