=LDR  00735nam a2200205Mi 4500
=008  \\\\\\s1924\\\\xx\\\\\\\\\\\\000\0\\\\\d
=040  \\$aFDA$beng$cFDA
=035  \\$a(FSUSCA)Horward_Row_2_Section_1_114
=049  \\$lHorward_Row_2_Section_1_114
=100  1\$aWebster, Nesta H.
=245  14$aThe Chevalier de Boufflers /$cWebster, Nesta H.
=264  \1$a[Place of publication not identified] :$bE.P. Dutton and Company,$c1924
=300  \\$avolume
=336  \\$atext$btxt$2rdacontent
=337  \\$aunmediated$bn$2rdamedia
=338  \\$avolume$bnc$2rdacarrier
=500  \\$aTitle on spreadsheet: "The Chevalier de Boufflers."
=932  2\$aHorward Collection$9LOCAL
=936  1\$aHorward, Donald D.,$edonor$9LOCAL
=949  \\$aFTaSU$bFSUSP$cREVIEW$9LOCAL

