=LDR  00805nam a2200205Mi 4500
=008  \\\\\\suuuu\\\\xx\\\\\\\\\\\\000\0\\\\\d
=040  \\$aFDA$beng$cFDA
=035  \\$a(FSUSCA)Horward_Row_2_Section_2_281
=049  \\$lHorward_Row_2_Section_2_281
=100  1\$aClavreuil, R.
=245  10$aChoix de Livresde le Bibliotheque Royale de Hanovre /$cR. Clavreuil
=264  \1$a[Place of publication not identified] :$bLibrairie Historique,$c[date of publication not identified]
=300  \\$avolume
=336  \\$atext$btxt$2rdacontent
=337  \\$aunmediated$bn$2rdamedia
=338  \\$avolume$bnc$2rdacarrier
=500  \\$aTitle on spreadsheet: "Choix de Livresde le Bibliotheque Royale de Hanovre."
=932  2\$aHorward Collection$9LOCAL
=936  1\$aHorward, Donald D.,$edonor$9LOCAL
=949  \\$aFTaSU$bFSUSP$cREVIEW$9LOCAL

