=LDR  00740nam a2200205Mi 4500
=008  \\\\\\s1832\\\\xx\\\\\\\\\\\\000\0\\\\\d
=040  \\$aFDA$beng$cFDA
=035  \\$a(FSUSCA)Horward_Row_2_Section_1_155
=049  \\$lHorward_Row_2_Section_1_155
=100  1\$aRoederer, P.L.
=245  10$aChronique de Cinquante Jours /$cRoederer, P.L.
=264  \1$a[Place of publication not identified] :$bL'Imprimerie de la Chevardiere,$c1832
=300  \\$avolume
=336  \\$atext$btxt$2rdacontent
=337  \\$aunmediated$bn$2rdamedia
=338  \\$avolume$bnc$2rdacarrier
=500  \\$aTitle on spreadsheet: "Chronique de Cinquante Jours."
=932  2\$aHorward Collection$9LOCAL
=936  1\$aHorward, Donald D.,$edonor$9LOCAL
=949  \\$aFTaSU$bFSUSP$cREVIEW$9LOCAL

