=LDR  00791nam a2200205Mi 4500
=008  \\\\\\s1982\\\\xx\\\\\\\\\\\\000\0\\\\\d
=040  \\$aFDA$beng$cFDA
=035  \\$a(FSUSCA)Horward_Row_4_Section_8_2559
=049  \\$lHorward_Row_4_Section_8_2559
=100  1\$aVegas, Mateo Hernandez
=245  10$aCiudad Rodrigo, la Catedral and la Ciudad.$nVol 2 /$cMateo Hernandez Vegas
=264  \1$a[Place of publication not identified] :$bSalmantina Commercial Printing,$c1982
=300  \\$avolume
=336  \\$atext$btxt$2rdacontent
=337  \\$aunmediated$bn$2rdamedia
=338  \\$avolume$bnc$2rdacarrier
=500  \\$aTitle on spreadsheet: "Ciudad Rodrigo: la Catedral and la Ciudad."
=932  2\$aHorward Collection$9LOCAL
=936  1\$aHorward, Donald D.,$edonor$9LOCAL
=949  \\$aFTaSU$bFSUSP$cREVIEW$9LOCAL

