=LDR  00822nam a2200217Mi 4500
=008  \\\\\\s1988\\\\xx\\\\\\\\\\\\000\0\\\\\d
=040  \\$aFDA$beng$cFDA
=035  \\$a(FSUSCA)Horward_Row_2_Section_10_1789
=049  \\$lHorward_Row_2_Section_10_1789
=100  1\$aBecerra, Emilio
=245  10$aCiudad Rodrigo en la Guerra de la Independencia /$cEmilio Becerra and Fernando Redondo
=264  \1$a[Place of publication not identified] :$bJulian Sanchez,$c1988
=300  \\$avolume
=336  \\$atext$btxt$2rdacontent
=337  \\$aunmediated$bn$2rdamedia
=338  \\$avolume$bnc$2rdacarrier
=500  \\$aTitle on spreadsheet: "Ciudad Rodrigo en la Guerra de la Independencia."
=700  1\$aRedondo, Fernando
=932  2\$aHorward Collection$9LOCAL
=936  1\$aHorward, Donald D.,$edonor$9LOCAL
=949  \\$aFTaSU$bFSUSP$cREVIEW$9LOCAL

