=LDR  00802nam a2200205Mi 4500
=008  \\\\\\s1982\\\\xx\\\\\\\\\\\\000\0\\\\\d
=040  \\$aFDA$beng$cFDA
=035  \\$a(FSUSCA)Horward_Row_2_Section_4_628
=049  \\$lHorward_Row_2_Section_4_628
=100  1\$aVegas, Mateo Hernandez
=245  10$aCiudad Rodrigo La Catedral y la Ciudad.$nVolume 1 /$cMateo ernandez Vegas
=264  \1$a[Place of publication not identified] :$bExcmo. Cabildo de la Catedral de Ciudad Rodrigo,$c1982
=300  \\$avolume
=336  \\$atext$btxt$2rdacontent
=337  \\$aunmediated$bn$2rdamedia
=338  \\$avolume$bnc$2rdacarrier
=500  \\$aTitle on spreadsheet: "Ciudad Rodrigo La Catedral y la Ciudad."
=932  2\$aHorward Collection$9LOCAL
=936  1\$aHorward, Donald D.,$edonor$9LOCAL
=949  \\$aFTaSU$bFSUSP$cREVIEW$9LOCAL

