=LDR  00975nam a2200229Mi 4500
=008  \\\\\\suuuu\\\\xx\\\\\\\\\\\\000\0\\\\\d
=040  \\$aFDA$beng$cFDA
=035  \\$a(FSUSCA)Horward_Row_2_Section_3_495
=049  \\$lHorward_Row_2_Section_3_495
=110  2\$aEstado Mayor Central Del Ejercito
=245  10$aColeccion Documental del Fraile.$nVols. II, III, and IV /$cEstado Mayor Central Del Ejercito?
=264  \1$a[Place of publication not identified] :$bServicio Historico Militar,$c[date of publication not identified]
=300  \\$avolume
=336  \\$atext$btxt$2rdacontent
=337  \\$aunmediated$bn$2rdamedia
=338  \\$avolume$bnc$2rdacarrier
=500  \\$aTitle on spreadsheet: "Coleccion Documental del Fraile, Vols. II, III, and IV (C-Z)."
=500  \\$aCustom binding.
=500  \\$aColeccion Documental del Fraile, Vols. II, III, and IV (C-Z)
=932  2\$aHorward Collection$9LOCAL
=936  1\$aHorward, Donald D.,$edonor$9LOCAL
=949  \\$aFTaSU$bFSUSP$cREVIEW$9LOCAL

