=LDR  00785nam a2200217Mi 4500
=008  \\\\\\s1814\\\\xx\\\\\\\\\\\\000\0\\\\\d
=040  \\$aFDA$beng$cFDA
=035  \\$a(FSUSCA)Horward_Row_4_Section_6_2256
=049  \\$lHorward_Row_4_Section_6_2256
=100  1\$aBeresford, Guilherme Carr
=245  10$aColleccao das Ordens do Dia (1814) /$cGuilherme Carr Beresford
=264  \1$a[Place of publication not identified] :$bLisboa,$c[1814]
=300  \\$avolume
=336  \\$atext$btxt$2rdacontent
=337  \\$aunmediated$bn$2rdamedia
=338  \\$avolume$bnc$2rdacarrier
=500  \\$aTitle on spreadsheet: "Colleccao das Ordens do Dia (1814)."
=500  \\$aCustom binding.
=932  2\$aHorward Collection$9LOCAL
=936  1\$aHorward, Donald D.,$edonor$9LOCAL
=949  \\$aFTaSU$bFSUSP$cREVIEW$9LOCAL

