=LDR  00799nam a2200217Mi 4500
=008  \\\\\\s1968\\\\xx\\\\\\\\\\\\000\0\\\\\d
=040  \\$aFDA$beng$cFDA
=035  \\$a(FSUSCA)Horward_Row_2_Section_8_1285
=049  \\$lHorward_Row_2_Section_8_1285
=100  1\$aBridgwater, William
=245  14$aThe Columbia Encyclopedia /$cEdited by William Bridgwater and Seymour Kurtz
=264  \1$a[Place of publication not identified] :$bColumbia University Press,$c1968
=300  \\$avolume
=336  \\$atext$btxt$2rdacontent
=337  \\$aunmediated$bn$2rdamedia
=338  \\$avolume$bnc$2rdacarrier
=500  \\$aTitle on spreadsheet: "The Columbia Encyclopedia."
=700  1\$aKurtz, Seymour
=932  2\$aHorward Collection$9LOCAL
=936  1\$aHorward, Donald D.,$edonor$9LOCAL
=949  \\$aFTaSU$bFSUSP$cREVIEW$9LOCAL

