=LDR  00773nam a2200217Mi 4500
=008  \\\\\\s1957\\\\xx\\\\\\\\\\\\000\0\\\\\d
=040  \\$aFDA$beng$cFDA
=035  \\$a(FSUSCA)Horward_Row_4_Section_6_2277
=049  \\$lHorward_Row_4_Section_6_2277
=100  1\$aLefebvre, Georges
=245  14$aThe Coming of the French Revolution /$cGeorges Lefebvre
=264  \1$a[Place of publication not identified] :$bVintage Books,$c1957
=300  \\$avolume
=336  \\$atext$btxt$2rdacontent
=337  \\$aunmediated$bn$2rdamedia
=338  \\$avolume$bnc$2rdacarrier
=500  \\$aTitle on spreadsheet: "The Coming of the French Revolution."
=500  \\$aLoose pages.
=932  2\$aHorward Collection$9LOCAL
=936  1\$aHorward, Donald D.,$edonor$9LOCAL
=949  \\$aFTaSU$bFSUSP$cREVIEW$9LOCAL

