=LDR  00821nam a2200217Mi 4500
=008  \\\\\\s1980\\\\xx\\\\\\\\\\\\000\0\\\\\d
=040  \\$aFDA$beng$cFDA
=035  \\$a(FSUSCA)Horward_Row_4_Section_6_2195
=049  \\$lHorward_Row_4_Section_6_2195
=100  1\$aJosselson, Michael
=245  14$aThe Commander, A Life of Barclay de Tolly /$cMichael Josselson and Diana Josselson
=264  \1$a[Place of publication not identified] :$bOxford University Press,$c1980
=300  \\$avolume
=336  \\$atext$btxt$2rdacontent
=337  \\$aunmediated$bn$2rdamedia
=338  \\$avolume$bnc$2rdacarrier
=500  \\$aTitle on spreadsheet: "The Commander: A Life of Barclay de Tolly."
=700  1\$aJosselson, Diana
=932  2\$aHorward Collection$9LOCAL
=936  1\$aHorward, Donald D.,$edonor$9LOCAL
=949  \\$aFTaSU$bFSUSP$cREVIEW$9LOCAL

