=LDR  00995nam a2200217Mi 4500
=008  \\\\\\s1815\\\\xx\\\\\\\\\\\\000\0\\\\\d
=040  \\$aFDA$beng$cFDA
=035  \\$a(FSUSCA)Horward_Row_2_Section_5_852
=049  \\$lHorward_Row_2_Section_5_852
=100  1\$aEdicao, Segunda
=245  10$aCompilacao das Ordens do Dia do Quartel General do Exercito Portuguez, Concernentes a Organizacao, Disciplina, e Economia Militares na Campanha de 1810 /$cSegunda Edicao
=264  \1$a[Place of publication not identified] :$bLisboa,$c1815
=300  \\$avolume
=336  \\$atext$btxt$2rdacontent
=337  \\$aunmediated$bn$2rdamedia
=338  \\$avolume$bnc$2rdacarrier
=500  \\$aTitle on spreadsheet: "Compilacao das Ordens do Dia do Quartel General do Exercito Portuguez, Concernentes a Organizacao, Disciplina, e Economia Militares na Campanha de 1810."
=500  \\$aCustom binding.
=932  2\$aHorward Collection$9LOCAL
=936  1\$aHorward, Donald D.,$edonor$9LOCAL
=949  \\$aFTaSU$bFSUSP$cREVIEW$9LOCAL

