=LDR  00793nam a2200205Mi 4500
=008  \\\\\\s2017\\\\xx\\\\\\\\\\\\000\0\\\\\d
=040  \\$aFDA$beng$cFDA
=035  \\$a(FSUSCA)Horward_Row_2_Section_2_368
=049  \\$lHorward_Row_2_Section_2_368
=100  1\$aTate, Susan Douglas
=245  10$aConcorde Hotel de Talleyrand George C. Marshall Center /$cdirected by Susan Douglas Tate
=264  \1$a[Place of publication not identified] :$bSusan Tate,$c2017
=300  \\$avolume
=336  \\$atext$btxt$2rdacontent
=337  \\$aunmediated$bn$2rdamedia
=338  \\$avolume$bnc$2rdacarrier
=500  \\$aTitle on spreadsheet: "Concorde Hotel de Talleyrand George C. Marshall Center."
=932  2\$aHorward Collection$9LOCAL
=936  1\$aHorward, Donald D.,$edonor$9LOCAL
=949  \\$aFTaSU$bFSUSP$cREVIEW$9LOCAL

