=LDR  00751nam a2200205Mi 4500
=008  \\\\\\s1899\\\\xx\\\\\\\\\\\\000\0\\\\\d
=040  \\$aFDA$beng$cFDA
=035  \\$a(FSUSCA)Horward_Row_2_Section_7_1229
=049  \\$lHorward_Row_2_Section_7_1229
=100  1\$aFreiherr Von Der Goltz, Colmar
=245  14$aThe Conduct of War /$cColmar Freiherr Von Der Goltz
=264  \1$a[Place of publication not identified] :$bPaul, Trench, Trubner and Co,$c1899
=300  \\$avolume
=336  \\$atext$btxt$2rdacontent
=337  \\$aunmediated$bn$2rdamedia
=338  \\$avolume$bnc$2rdacarrier
=500  \\$aTitle on spreadsheet: "The Conduct of War."
=932  2\$aHorward Collection$9LOCAL
=936  1\$aHorward, Donald D.,$edonor$9LOCAL
=949  \\$aFTaSU$bFSUSP$cREVIEW$9LOCAL

