=LDR  00761nam a2200205Mi 4500
=008  \\\\\\s1968\\\\xx\\\\\\\\\\\\000\0\\\\\d
=040  \\$aFDA$beng$cFDA
=035  \\$a(FSUSCA)Horward_Row_4_Section_7_2456
=049  \\$lHorward_Row_4_Section_7_2456
=100  1\$aSpiel, Hilde
=245  14$aThe Congress of Vienna, An Eyewitness Account /$cHilde Spiel
=264  \1$a[Place of publication not identified] :$bChilton Book Company,$c1968
=300  \\$avolume
=336  \\$atext$btxt$2rdacontent
=337  \\$aunmediated$bn$2rdamedia
=338  \\$avolume$bnc$2rdacarrier
=500  \\$aTitle on spreadsheet: "The Congress of Vienna: An Eyewitness Account."
=932  2\$aHorward Collection$9LOCAL
=936  1\$aHorward, Donald D.,$edonor$9LOCAL
=949  \\$aFTaSU$bFSUSP$cREVIEW$9LOCAL

