=LDR  00816nam a2200217Mi 4500
=008  \\\\\\s1823\\\\xx\\\\\\\\\\\\000\0\\\\\d
=040  \\$aFDA$beng$cFDA
=035  \\$a(FSUSCA)Horward_Row_2_Section_3_538
=049  \\$lHorward_Row_2_Section_3_538
=100  1\$aLapene, Edouard
=245  10$aConquete De L'andalouise, Campagne de 1810-1811 /$cEdouard Lapene
=264  \1$a[Place of publication not identified] :$bChez Anselin et Pochard,$c1823
=300  \\$avolume
=336  \\$atext$btxt$2rdacontent
=337  \\$aunmediated$bn$2rdamedia
=338  \\$avolume$bnc$2rdacarrier
=500  \\$aTitle on spreadsheet: "Conquete De L'andalouise, Campagne de 1810-1811."
=500  \\$aMay contain custom binding.
=932  2\$aHorward Collection$9LOCAL
=936  1\$aHorward, Donald D.,$edonor$9LOCAL
=949  \\$aFTaSU$bFSUSP$cREVIEW$9LOCAL

