=LDR  00953nam a2200241Mi 4500
=008  \\\\\\s2009\\\\xx\\\\\\\\\\\\000\0\\\\\d
=040  \\$aFDA$beng$cFDA
=035  \\$a(FSUSCA)Horward_Row_4_Section_7_2482
=049  \\$lHorward_Row_4_Section_7_2482
=100  1\$aStoker, Donald
=245  10$aConscription in the Napoleonic Era, A Revolution in Military Affairs? /$cDonald Stoker, Frederick Schneid, and Harold D. Blanton
=264  \1$a[Place of publication not identified] :$bTaylor and Francis Group,$c2009
=300  \\$avolume
=336  \\$atext$btxt$2rdacontent
=337  \\$aunmediated$bn$2rdamedia
=338  \\$avolume$bnc$2rdacarrier
=500  \\$aTitle on spreadsheet: "Conscription in the Napoleonic Era: A Revolution in Military Affairs?."
=500  \\$aSigned.
=700  1\$aSchneid, Frederick
=700  1\$aBlanton, Harold D.
=932  2\$aHorward Collection$9LOCAL
=936  1\$aHorward, Donald D.,$edonor$9LOCAL
=949  \\$aFTaSU$bFSUSP$cREVIEW$9LOCAL

