=LDR  00856nam a2200229Mi 4500
=008  \\\\\\s1986\\\\xx\\\\\\\\\\\\000\0\\\\\d
=040  \\$aFDA$beng$cFDA
=035  \\$a(FSUSCA)Horward_Row_2_Section_9_1629
=049  \\$lHorward_Row_2_Section_9_1629
=100  1\$aParker, H.
=245  14$aThe Consortium on Revolutionary Europe Proceeding 1984 /$cH. Parker, L. Parker, Reddy
=264  \1$a[Place of publication not identified] :$bConsortium on Revolutionary Europe,$c1986
=300  \\$avolume
=336  \\$atext$btxt$2rdacontent
=337  \\$aunmediated$bn$2rdamedia
=338  \\$avolume$bnc$2rdacarrier
=500  \\$aTitle on spreadsheet: "The Consortium on Revolutionary Europe Proceeding 1984."
=700  1\$aParker, L.
=700  1\$aReddy
=932  2\$aHorward Collection$9LOCAL
=936  1\$aHorward, Donald D.,$edonor$9LOCAL
=949  \\$aFTaSU$bFSUSP$cREVIEW$9LOCAL

