=LDR  00786nam a2200205Mi 4500
=008  \\\\\\s1983\\\\xx\\\\\\\\\\\\000\0\\\\\d
=040  \\$aFDA$beng$cFDA
=035  \\$a(FSUSCA)Horward_Row_2_Section_9_1653
=049  \\$lHorward_Row_2_Section_9_1653
=100  1\$aSpencer
=245  14$aThe Consortium on Revolutionary Europe Proceedings 1982 /$cSpencer
=264  \1$a[Place of publication not identified] :$bConsortium on Revolutionary Europe,$c1983
=300  \\$avolume
=336  \\$atext$btxt$2rdacontent
=337  \\$aunmediated$bn$2rdamedia
=338  \\$avolume$bnc$2rdacarrier
=500  \\$aTitle on spreadsheet: "The Consortium on Revolutionary Europe Proceedings 1982."
=932  2\$aHorward Collection$9LOCAL
=936  1\$aHorward, Donald D.,$edonor$9LOCAL
=949  \\$aFTaSU$bFSUSP$cREVIEW$9LOCAL

