=LDR  00893nam a2200241Mi 4500
=008  \\\\\\s1986\\\\xx\\\\\\\\\\\\000\0\\\\\d
=040  \\$aFDA$beng$cFDA
=035  \\$a(FSUSCA)Horward_Row_2_Section_9_1656
=049  \\$lHorward_Row_2_Section_9_1656
=100  1\$aParker, H.
=245  14$aThe Consortium on Revolutionary Europe Proceedings 1985 /$cH. Parker, L. Parker, Holtman, Roider
=264  \1$a[Place of publication not identified] :$bConsortium on Revolutionary Europe,$c1986
=300  \\$avolume
=336  \\$atext$btxt$2rdacontent
=337  \\$aunmediated$bn$2rdamedia
=338  \\$avolume$bnc$2rdacarrier
=500  \\$aTitle on spreadsheet: "The Consortium on Revolutionary Europe Proceedings 1985."
=700  1\$aParker, L.
=700  1\$aRoider
=700  1\$aHoltman
=932  2\$aHorward Collection$9LOCAL
=936  1\$aHorward, Donald D.,$edonor$9LOCAL
=949  \\$aFTaSU$bFSUSP$cREVIEW$9LOCAL

