=LDR  00762nam a2200205Mi 4500
=008  \\\\\\s1815\\\\xx\\\\\\\\\\\\000\0\\\\\d
=040  \\$aFDA$beng$cFDA
=035  \\$a(FSUSCA)Horward_Row_2_Section_10_1800
=049  \\$lHorward_Row_2_Section_10_1800
=100  1\$aLamarteliere, M.
=245  10$aConspiration de Buonaparte Contre Louis XVIII /$cM. Lamarteliere
=264  \1$a[Place of publication not identified] :$bJ. G. Dentu,$c1815
=300  \\$avolume
=336  \\$atext$btxt$2rdacontent
=337  \\$aunmediated$bn$2rdamedia
=338  \\$avolume$bnc$2rdacarrier
=500  \\$aTitle on spreadsheet: "Conspiration de Buonaparte Contre Louis XVIII."
=932  2\$aHorward Collection$9LOCAL
=936  1\$aHorward, Donald D.,$edonor$9LOCAL
=949  \\$aFTaSU$bFSUSP$cREVIEW$9LOCAL

