=LDR  00743nam a2200217Mi 4500
=008  \\\\\\s1932\\\\xx\\\\\\\\\\\\000\0\\\\\d
=040  \\$aFDA$beng$cFDA
=035  \\$a(FSUSCA)Horward_Row_2_Section_6_945
=049  \\$lHorward_Row_2_Section_6_945
=100  1\$aDechene
=245  10$aContre Pie VII et Bonaparte /$cDechene
=264  \1$a[Place of publication not identified] :$bLibrarie de Paris,$c1932
=300  \\$avolume
=336  \\$atext$btxt$2rdacontent
=337  \\$aunmediated$bn$2rdamedia
=338  \\$avolume$bnc$2rdacarrier
=500  \\$aTitle on spreadsheet: "Contre Pie VII et Bonaparte."
=500  \\$aCustom binding.
=932  2\$aHorward Collection$9LOCAL
=936  1\$aHorward, Donald D.,$edonor$9LOCAL
=949  \\$aFTaSU$bFSUSP$cREVIEW$9LOCAL

