=LDR  00726nam a2200205Mi 4500
=008  \\\\\\s2004\\\\xx\\\\\\\\\\\\000\0\\\\\d
=040  \\$aFDA$beng$cFDA
=035  \\$a(FSUSCA)Horward_Row_2_Section_5_888
=049  \\$lHorward_Row_2_Section_5_888
=100  1\$aBonaparte, Napoleon
=245  10$aCorrespondance Generale.$nVolume 1 /$cNapoleon Bonaparte
=264  \1$a[Place of publication not identified] :$bFayard,$c2004
=300  \\$avolume
=336  \\$atext$btxt$2rdacontent
=337  \\$aunmediated$bn$2rdamedia
=338  \\$avolume$bnc$2rdacarrier
=500  \\$aTitle on spreadsheet: "Correspondance Generale."
=932  2\$aHorward Collection$9LOCAL
=936  1\$aHorward, Donald D.,$edonor$9LOCAL
=949  \\$aFTaSU$bFSUSP$cREVIEW$9LOCAL

