=LDR  00884nam a2200229Mi 4500
=008  \\\\\\s1910\\\\xx\\\\\\\\\\\\000\0\\\\\d
=040  \\$aFDA$beng$cFDA
=035  \\$a(FSUSCA)Horward_Row_4_Section_8_2573
=049  \\$lHorward_Row_4_Section_8_2573
=100  1\$aBonaparte, Napoleon
=245  14$aThe Corsican A Diary of Napoleon's Life in his Own Words /$cNapoleon Bonaparte (Preface by R.M. Johnston)
=250  \\$aFirst Edition
=264  \1$a[Place of publication not identified] :$bHoughton Mifflin Co,$c1910
=300  \\$avolume
=336  \\$atext$btxt$2rdacontent
=337  \\$aunmediated$bn$2rdamedia
=338  \\$avolume$bnc$2rdacarrier
=500  \\$aTitle on spreadsheet: "The Corsican A Diary of Napoleon's Life in his Own Words."
=700  1\$aJohnston, R.M.
=932  2\$aHorward Collection$9LOCAL
=936  1\$aHorward, Donald D.,$edonor$9LOCAL
=949  \\$aFTaSU$bFSUSP$cREVIEW$9LOCAL

