=LDR  00718nam a2200217Mi 4500
=008  \\\\\\s1972\\\\xx\\\\\\\\\\\\000\0\\\\\d
=040  \\$aFDA$beng$cFDA
=035  \\$a(FSUSCA)Horward_Row_4_Section_7_2535
=049  \\$lHorward_Row_4_Section_7_2535
=100  1\$aHibbert, Christopher
=245  10$aCorunna /$cChristopher Hibbert
=250  \\$aSecond
=264  \1$a[Place of publication not identified] :$bPan Books Ltd.,$c1972
=300  \\$avolume
=336  \\$atext$btxt$2rdacontent
=337  \\$aunmediated$bn$2rdamedia
=338  \\$avolume$bnc$2rdacarrier
=500  \\$aTitle on spreadsheet: "Corunna."
=932  2\$aHorward Collection$9LOCAL
=936  1\$aHorward, Donald D.,$edonor$9LOCAL
=949  \\$aFTaSU$bFSUSP$cREVIEW$9LOCAL

