=LDR  00824nam a2200217Mi 4500
=008  \\\\\\s1970\\\\xx\\\\\\\\\\\\000\0\\\\\d
=040  \\$aFDA$beng$cFDA
=035  \\$a(FSUSCA)Horward_Row_2_Section_11_1936
=049  \\$lHorward_Row_2_Section_11_1936
=100  1\$aMeinecke, Friedrich
=245  10$aCosmopolitanism and the National State /$cFriedrich Meinecke and Robert B. Kimber
=264  \1$a[Place of publication not identified] :$bPrinceton University Press,$c1970
=300  \\$avolume
=336  \\$atext$btxt$2rdacontent
=337  \\$aunmediated$bn$2rdamedia
=338  \\$avolume$bnc$2rdacarrier
=500  \\$aTitle on spreadsheet: "Cosmopolitanism and the National State."
=700  1\$aKimber, Robert B.
=932  2\$aHorward Collection$9LOCAL
=936  1\$aHorward, Donald D.,$edonor$9LOCAL
=949  \\$aFTaSU$bFSUSP$cREVIEW$9LOCAL

