=LDR  00889nam a2200217Mi 4500
=008  \\\\\\s1992\\\\xx\\\\\\\\\\\\000\0\\\\\d
=040  \\$aFDA$beng$cFDA
=035  \\$a(FSUSCA)Horward_Row_2_Section_11_1857
=049  \\$lHorward_Row_2_Section_11_1857
=100  1\$aFlayhart, William Henry III
=245  10$aCounterpoint to Trafalgar, the Anglo-Russian Invasion of Naples, 1805-1806 /$cWilliam Henry Flayhart III
=264  \1$a[Place of publication not identified] :$bUniversity of South Carolina Press,$c1992
=300  \\$avolume
=336  \\$atext$btxt$2rdacontent
=337  \\$aunmediated$bn$2rdamedia
=338  \\$avolume$bnc$2rdacarrier
=500  \\$aTitle on spreadsheet: "Counterpoint to Trafalgar: the Anglo-Russian Invasion of Naples, 1805-1806."
=500  \\$aSigned.
=932  2\$aHorward Collection$9LOCAL
=936  1\$aHorward, Donald D.,$edonor$9LOCAL
=949  \\$aFTaSU$bFSUSP$cREVIEW$9LOCAL

