=LDR  00727nam a2200205Mi 4500
=008  \\\\\\s1868\\\\xx\\\\\\\\\\\\000\0\\\\\d
=040  \\$aFDA$beng$cFDA
=035  \\$a(FSUSCA)Horward_Row_4_Section_8_2632
=049  \\$lHorward_Row_4_Section_8_2632
=100  1\$aTegg, William
=245  14$aThe Court and Camp of Napoleon /$cWilliam Tegg
=264  \1$a[Place of publication not identified] :$bWilliam Clowes,$c1868
=300  \\$avolume
=336  \\$atext$btxt$2rdacontent
=337  \\$aunmediated$bn$2rdamedia
=338  \\$avolume$bnc$2rdacarrier
=500  \\$aTitle on spreadsheet: "The Court and Camp of Napoleon."
=932  2\$aHorward Collection$9LOCAL
=936  1\$aHorward, Donald D.,$edonor$9LOCAL
=949  \\$aFTaSU$bFSUSP$cREVIEW$9LOCAL

