=LDR  00753nam a2200205Mi 4500
=008  \\\\\\s1912\\\\xx\\\\\\\\\\\\000\0\\\\\d
=040  \\$aFDA$beng$cFDA
=035  \\$a(FSUSCA)Horward_Row_2_Section_11_1923
=049  \\$lHorward_Row_2_Section_11_1923
=100  1\$aPillans, T. Dundas
=245  14$aThe Crime of 1812 and Its Retribution /$cT. Dundas Pillans
=264  \1$a[Place of publication not identified] :$bAndrew Melrose,$c1912
=300  \\$avolume
=336  \\$atext$btxt$2rdacontent
=337  \\$aunmediated$bn$2rdamedia
=338  \\$avolume$bnc$2rdacarrier
=500  \\$aTitle on spreadsheet: "The Crime of 1812 and Its Retribution."
=932  2\$aHorward Collection$9LOCAL
=936  1\$aHorward, Donald D.,$edonor$9LOCAL
=949  \\$aFTaSU$bFSUSP$cREVIEW$9LOCAL

