=LDR  00790nam a2200205Mi 4500
=008  \\\\\\s1990\\\\xx\\\\\\\\\\\\000\0\\\\\d
=040  \\$aFDA$beng$cFDA
=035  \\$a(FSUSCA)Horward_Row_2_Section_11_1906
=049  \\$lHorward_Row_2_Section_11_1906
=100  1\$aArnold, James S.
=245  10$aCrisis on the Damnube Napoleon's Austrian Campaign of 1809 /$cJames S. Arnold
=264  \1$a[Place of publication not identified] :$bParagon House,$c1990
=300  \\$avolume
=336  \\$atext$btxt$2rdacontent
=337  \\$aunmediated$bn$2rdamedia
=338  \\$avolume$bnc$2rdacarrier
=500  \\$aTitle on spreadsheet: "Crisis on the Damnube Napoleon's Austrian Campaign of 1809."
=932  2\$aHorward Collection$9LOCAL
=936  1\$aHorward, Donald D.,$edonor$9LOCAL
=949  \\$aFTaSU$bFSUSP$cREVIEW$9LOCAL

