=LDR  00921nam a2200241Mi 4500
=008  \\\\\\s1989\\\\xx\\\\\\\\\\\\000\0\\\\\d
=040  \\$aFDA$beng$cFDA
=035  \\$a(FSUSCA)Horward_Row_2_Section_3_497
=049  \\$lHorward_Row_2_Section_3_497
=100  1\$aFuret, Francois
=245  10$aCritical Dictionary of the French Revolution /$ced. Francois Furet and Mona Ozuf, trans. Arthur Goldhammer
=264  \1$a[Place of publication not identified] :$bHarvard University Press,$c1989
=300  \\$avolume
=336  \\$atext$btxt$2rdacontent
=337  \\$aunmediated$bn$2rdamedia
=338  \\$avolume$bnc$2rdacarrier
=500  \\$aTitle on spreadsheet: "A Critical Dictionary of the French Revolution."
=500  \\$aNewspaper clipping on page 1.
=700  1\$aOzuf, Mona
=700  1\$aGoldhammer, Arthur
=932  2\$aHorward Collection$9LOCAL
=936  1\$aHorward, Donald D.,$edonor$9LOCAL
=949  \\$aFTaSU$bFSUSP$cREVIEW$9LOCAL

