=LDR  00737nam a2200205Mi 4500
=008  \\\\\\s1967\\\\xx\\\\\\\\\\\\000\0\\\\\d
=040  \\$aFDA$beng$cFDA
=035  \\$a(FSUSCA)Horward_Row_2_Section_8_1357
=049  \\$lHorward_Row_2_Section_8_1357
=100  1\$aPool, Bernard
=245  14$aThe Croker Papers 1808-1857 /$cEdited by Bernard Pool
=264  \1$a[Place of publication not identified] :$bBarnes and Noble,Inc,$c1967
=300  \\$avolume
=336  \\$atext$btxt$2rdacontent
=337  \\$aunmediated$bn$2rdamedia
=338  \\$avolume$bnc$2rdacarrier
=500  \\$aTitle on spreadsheet: "The Croker Papers 1808-1857."
=932  2\$aHorward Collection$9LOCAL
=936  1\$aHorward, Donald D.,$edonor$9LOCAL
=949  \\$aFTaSU$bFSUSP$cREVIEW$9LOCAL

