=LDR  00849nam a2200205Mi 4500
=008  \\\\\\suuuu\\\\xx\\\\\\\\\\\\000\0\\\\\d
=040  \\$aFDA$beng$cFDA
=035  \\$a(FSUSCA)Horward_Row_2_Section_8_1407
=049  \\$lHorward_Row_2_Section_8_1407
=100  1\$aRodriguez, Nicolas Horta
=245  10$aD. Julian Sanchez El Charro guerrillero y brigadier /$cNicolas Horta Rodriguez
=264  \1$a[Place of publication not identified] :$bPatronato Municipal de la Casa Cultura,$c[date of publication not identified]
=300  \\$avolume
=336  \\$atext$btxt$2rdacontent
=337  \\$aunmediated$bn$2rdamedia
=338  \\$avolume$bnc$2rdacarrier
=500  \\$aTitle on spreadsheet: "D. Julian Sanchez "El Charro" guerrillero y brigadier."
=932  2\$aHorward Collection$9LOCAL
=936  1\$aHorward, Donald D.,$edonor$9LOCAL
=949  \\$aFTaSU$bFSUSP$cREVIEW$9LOCAL

