=LDR  00885nam a2200205Mi 4500
=008  \\\\\\s2001\\\\xx\\\\\\\\\\\\000\0\\\\\d
=040  \\$aFDA$beng$cFDA
=035  \\$a(FSUSCA)Horward_Row_4_Section_5_2120
=049  \\$lHorward_Row_4_Section_5_2120
=100  1\$aMcCranie, Kevin D.
=245  10$aDamn Sullen Old Scotchman, The Life and Career of Admiral George Keith Elphinstone, Viscount Keith /$cKevin D. McCranie
=264  \1$a[Place of publication not identified] :$bFlorida State University,$c2001
=300  \\$avolume
=336  \\$atext$btxt$2rdacontent
=337  \\$aunmediated$bn$2rdamedia
=338  \\$avolume$bnc$2rdacarrier
=500  \\$aTitle on spreadsheet: "A Damn Sullen Old Scotchman: The Life and Career of Admiral George Keith Elphinstone, Viscount Keith."
=932  2\$aHorward Collection$9LOCAL
=936  1\$aHorward, Donald D.,$edonor$9LOCAL
=949  \\$aFTaSU$bFSUSP$cREVIEW$9LOCAL

