=LDR  00749nam a2200217Mi 4500
=008  \\\\\\s2001\\\\xx\\\\\\\\\\\\000\0\\\\\d
=040  \\$aFDA$beng$cFDA
=035  \\$a(FSUSCA)Horward_Row_2_Section_6_995
=049  \\$lHorward_Row_2_Section_6_995
=100  1\$aBerlanstein, Lenard R.
=245  10$aDaughters of Eve /$cLenard R. Berlanstein
=264  \1$a[Place of publication not identified] :$bHarvard Universiy Press,$c2001
=300  \\$avolume
=336  \\$atext$btxt$2rdacontent
=337  \\$aunmediated$bn$2rdamedia
=338  \\$avolume$bnc$2rdacarrier
=500  \\$aTitle on spreadsheet: "Daughters of Eve."
=500  \\$aInvoice.
=932  2\$aHorward Collection$9LOCAL
=936  1\$aHorward, Donald D.,$edonor$9LOCAL
=949  \\$aFTaSU$bFSUSP$cREVIEW$9LOCAL

