=LDR  00807nam a2200205Mi 4500
=008  \\\\\\s1948\\\\xx\\\\\\\\\\\\000\0\\\\\d
=040  \\$aFDA$beng$cFDA
=035  \\$a(FSUSCA)Horward_Row_2_Section_1_63
=049  \\$lHorward_Row_2_Section_1_63
=110  2\$aArts Council of Great Britain
=245  10$aDavid, Catalogue of Exhibition of Paintings and Drawings /$cArts Council of Great Britain
=264  \1$a[Place of publication not identified] :$bShenval Press,$c1948
=300  \\$avolume
=336  \\$atext$btxt$2rdacontent
=337  \\$aunmediated$bn$2rdamedia
=338  \\$avolume$bnc$2rdacarrier
=500  \\$aTitle on spreadsheet: "David: Catalogue of Exhibition of Paintings and Drawings."
=932  2\$aHorward Collection$9LOCAL
=936  1\$aHorward, Donald D.,$edonor$9LOCAL
=949  \\$aFTaSU$bFSUSP$cREVIEW$9LOCAL

