=LDR  00797nam a2200205Mi 4500
=008  \\\\\\s1970\\\\xx\\\\\\\\\\\\000\0\\\\\d
=040  \\$aFDA$beng$cFDA
=035  \\$a(FSUSCA)Horward_Row_4_Section_7_2345
=049  \\$lHorward_Row_4_Section_7_2345
=110  2\$aMcCall Collection of Modern Art
=245  10$aDavid and Napoleonic Painting /$cMcCall Collection of Modern Art
=264  \1$a[Place of publication not identified] :$bFratelli Fabbri Editori and McCall Publishing Co.,$c1970
=300  \\$avolume
=336  \\$atext$btxt$2rdacontent
=337  \\$aunmediated$bn$2rdamedia
=338  \\$avolume$bnc$2rdacarrier
=500  \\$aTitle on spreadsheet: "David and Napoleonic Painting."
=932  2\$aHorward Collection$9LOCAL
=936  1\$aHorward, Donald D.,$edonor$9LOCAL
=949  \\$aFTaSU$bFSUSP$cREVIEW$9LOCAL

