=LDR  00727nam a2200205Mi 4500
=008  \\\\\\s1852\\\\xx\\\\\\\\\\\\000\0\\\\\d
=040  \\$aFDA$beng$cFDA
=035  \\$a(FSUSCA)Horward_Row_4_Section_7_2549
=049  \\$lHorward_Row_4_Section_7_2549
=110  2\$aMaximes et Pensees
=245  10$aDe L'Empereur Napoleon /$cMaximes et Pensees
=264  \1$a[Place of publication not identified] :$bLibrairie Militaire,$c1852
=300  \\$avolume
=336  \\$atext$btxt$2rdacontent
=337  \\$aunmediated$bn$2rdamedia
=338  \\$avolume$bnc$2rdacarrier
=500  \\$aTitle on spreadsheet: "De L'Empereur Napoleon."
=932  2\$aHorward Collection$9LOCAL
=936  1\$aHorward, Donald D.,$edonor$9LOCAL
=949  \\$aFTaSU$bFSUSP$cREVIEW$9LOCAL

