=LDR  00757nam a2200205Mi 4500
=008  \\\\\\s1984\\\\xx\\\\\\\\\\\\000\0\\\\\d
=040  \\$aFDA$beng$cFDA
=035  \\$a(FSUSCA)Horward_Row_4_Section_7_2557
=049  \\$lHorward_Row_4_Section_7_2557
=100  1\$aJunot, Andoche
=245  10$aDescendencia Portuguesa do General Napoleonico /$cAndoche Junot
=264  \1$a[Place of publication not identified] :$bI. P. H.,$c1984
=300  \\$avolume
=336  \\$atext$btxt$2rdacontent
=337  \\$aunmediated$bn$2rdamedia
=338  \\$avolume$bnc$2rdacarrier
=500  \\$aTitle on spreadsheet: "A Descendencia Portuguesa do General Napoleonico."
=932  2\$aHorward Collection$9LOCAL
=936  1\$aHorward, Donald D.,$edonor$9LOCAL
=949  \\$aFTaSU$bFSUSP$cREVIEW$9LOCAL

