=LDR  00822nam a2200205Mi 4500
=008  \\\\\\s1966\\\\xx\\\\\\\\\\\\000\0\\\\\d
=040  \\$aFDA$beng$cFDA
=035  \\$a(FSUSCA)Horward_Row_2_Section_9_1499
=049  \\$lHorward_Row_2_Section_9_1499
=100  1\$aGuillot, Albert
=245  10$aDescription de L'egypte Publiee par ordre de Napoleon Bonaparte /$cAlbert Guillot
=264  \1$a[Place of publication not identified] :$bEditions d'art albert guillot Non dat,$c1966
=300  \\$avolume
=336  \\$atext$btxt$2rdacontent
=337  \\$aunmediated$bn$2rdamedia
=338  \\$avolume$bnc$2rdacarrier
=500  \\$aTitle on spreadsheet: "Description de L'egypte Publiee par ordre de Napoleon Bonaparte."
=932  2\$aHorward Collection$9LOCAL
=936  1\$aHorward, Donald D.,$edonor$9LOCAL
=949  \\$aFTaSU$bFSUSP$cREVIEW$9LOCAL

