=LDR  00806nam a2200229Mi 4500
=008  \\\\\\s1853\\\\xx\\\\\\\\\\\\000\0\\\\\d
=040  \\$aFDA$beng$cFDA
=035  \\$a(FSUSCA)Horward_Row_2_Section_5_816
=049  \\$lHorward_Row_2_Section_5_816
=100  1\$aChautard, J.
=245  10$aDescription de Tombeau de L'empereur /$cJ. Chautard
=250  \\$aSecond Edition
=264  \1$a[Place of publication not identified] :$bDepot Central, Ledoyen,$c1853
=300  \\$avolume
=336  \\$atext$btxt$2rdacontent
=337  \\$aunmediated$bn$2rdamedia
=338  \\$avolume$bnc$2rdacarrier
=500  \\$aTitle on spreadsheet: "Description de Tombeau de L'empereur."
=500  \\$aCustom binding.
=932  2\$aHorward Collection$9LOCAL
=936  1\$aHorward, Donald D.,$edonor$9LOCAL
=949  \\$aFTaSU$bFSUSP$cREVIEW$9LOCAL

