=LDR  00755nam a2200205Mi 4500
=008  \\\\\\s1814\\\\xx\\\\\\\\\\\\000\0\\\\\d
=040  \\$aFDA$beng$cFDA
=035  \\$a(FSUSCA)Horward_Row_2_Section_8_1386
=049  \\$lHorward_Row_2_Section_8_1386
=100  1\$aCongreve, William
=245  10$aDetails of the Rocket System /$cColonel Sir William Congreve
=264  \1$a[Place of publication not identified] :$bJ. Whiting, Finsbury Place,$c1814
=300  \\$avolume
=336  \\$atext$btxt$2rdacontent
=337  \\$aunmediated$bn$2rdamedia
=338  \\$avolume$bnc$2rdacarrier
=500  \\$aTitle on spreadsheet: "Details of the Rocket System."
=932  2\$aHorward Collection$9LOCAL
=936  1\$aHorward, Donald D.,$edonor$9LOCAL
=949  \\$aFTaSU$bFSUSP$cREVIEW$9LOCAL

