=LDR  00880nam a2200205Mi 4500
=008  \\\\\\suuuu\\\\xx\\\\\\\\\\\\000\0\\\\\d
=040  \\$aFDA$beng$cFDA
=035  \\$a(FSUSCA)Horward_Row_2_Section_8_1364
=049  \\$lHorward_Row_2_Section_8_1364
=100  1\$aWellesley, F.A.
=245  14$aThe Diary and Correspondence of Henry Wellesley First Lord-Cowley 1790-1846 /$cEdited by Col. the Hon. F.A. Wellesley
=264  \1$a[Place of publication not identified] :$bHutchinson and Co,$c[date of publication not identified]
=300  \\$avolume
=336  \\$atext$btxt$2rdacontent
=337  \\$aunmediated$bn$2rdamedia
=338  \\$avolume$bnc$2rdacarrier
=500  \\$aTitle on spreadsheet: "The Diary and Correspondence of Henry Wellesley First Lord-Cowley 1790-1846."
=932  2\$aHorward Collection$9LOCAL
=936  1\$aHorward, Donald D.,$edonor$9LOCAL
=949  \\$aFTaSU$bFSUSP$cREVIEW$9LOCAL

