=LDR  01055nam a2200229Mi 4500
=008  \\\\\\s1952\\\\xx\\\\\\\\\\\\000\0\\\\\d
=040  \\$aFDA$beng$cFDA
=035  \\$a(FSUSCA)Horward_Row_2_Section_3_371
=049  \\$lHorward_Row_2_Section_3_371
=110  2\$aEstado Mayor Central Del Ejercito
=245  10$aDiccionario Bibliografico de la Guerra de la Independencia Espanola - 1808-1814.$nVolume III /$cEstado Mayor Central Del Ejercito?
=264  \1$a[Place of publication not identified] :$bImprenta Biosca,$c1952
=300  \\$avolume
=336  \\$atext$btxt$2rdacontent
=337  \\$aunmediated$bn$2rdamedia
=338  \\$avolume$bnc$2rdacarrier
=500  \\$aTitle on spreadsheet: "Diccionario Bibliografico de la Guerra de la Independencia Espanola - 1808-1814, Volume III: Letras P-Z."
=500  \\$aCustom binding.
=500  \\$aDiccionario Bibliografico de la Guerra de la Independencia Espanola - 1808-1814, Volume III: Letras P-Z
=932  2\$aHorward Collection$9LOCAL
=936  1\$aHorward, Donald D.,$edonor$9LOCAL
=949  \\$aFTaSU$bFSUSP$cREVIEW$9LOCAL

