=LDR  00723nam a2200217Mi 4500
=008  \\\\\\s1964\\\\xx\\\\\\\\\\\\000\0\\\\\d
=040  \\$aFDA$beng$cFDA
=035  \\$a(FSUSCA)Horward_Row_2_Section_7_1168
=049  \\$lHorward_Row_2_Section_7_1168
=100  1\$aLux
=245  10$aDie Nacht von Kaub /$cLux and Petter
=264  \1$a[Place of publication not identified] :$bHarold Boldt Verlag,$c1964
=300  \\$avolume
=336  \\$atext$btxt$2rdacontent
=337  \\$aunmediated$bn$2rdamedia
=338  \\$avolume$bnc$2rdacarrier
=500  \\$aTitle on spreadsheet: "Die Nacht von Kaub."
=700  1\$aPetter
=932  2\$aHorward Collection$9LOCAL
=936  1\$aHorward, Donald D.,$edonor$9LOCAL
=949  \\$aFTaSU$bFSUSP$cREVIEW$9LOCAL

