=LDR  00824nam a2200205Mi 4500
=008  \\\\\\s1920\\\\xx\\\\\\\\\\\\000\0\\\\\d
=040  \\$aFDA$beng$cFDA
=035  \\$a(FSUSCA)Horward_Row_2_Section_9_1627
=049  \\$lHorward_Row_2_Section_9_1627
=100  1\$aPaul, Gertrud
=245  10$aDie Schicksale der stadt jena und ihrer Umgebung in den Oktobertagen 1806 /$cGertrud Paul
=264  \1$a[Place of publication not identified] :$bVerlag Von Gustav Fischer,$c1920
=300  \\$avolume
=336  \\$atext$btxt$2rdacontent
=337  \\$aunmediated$bn$2rdamedia
=338  \\$avolume$bnc$2rdacarrier
=500  \\$aTitle on spreadsheet: "Die Schicksale der stadt jena und ihrer Umgebung in den Oktobertagen 1806."
=932  2\$aHorward Collection$9LOCAL
=936  1\$aHorward, Donald D.,$edonor$9LOCAL
=949  \\$aFTaSU$bFSUSP$cREVIEW$9LOCAL

