=LDR  00802nam a2200205Mi 4500
=008  \\\\\\s1994\\\\xx\\\\\\\\\\\\000\0\\\\\d
=040  \\$aFDA$beng$cFDA
=035  \\$a(FSUSCA)Horward_Row_2_Section_11_1905
=049  \\$lHorward_Row_2_Section_11_1905
=100  1\$aArnold, Eric A. Jr.
=245  10$aDocumentary Survey of Napoleonic France /$c(edited and translated by) Eric A. Arnold, Jr.
=264  \1$a[Place of publication not identified] :$bUniversity Press of America,$c1994
=300  \\$avolume
=336  \\$atext$btxt$2rdacontent
=337  \\$aunmediated$bn$2rdamedia
=338  \\$avolume$bnc$2rdacarrier
=500  \\$aTitle on spreadsheet: "A Documentary Survey of Napoleonic France."
=932  2\$aHorward Collection$9LOCAL
=936  1\$aHorward, Donald D.,$edonor$9LOCAL
=949  \\$aFTaSU$bFSUSP$cREVIEW$9LOCAL

