=LDR  00768nam a2200217Mi 4500
=008  \\\\\\s2010\\\\xx\\\\\\\\\\\\000\0\\\\\d
=040  \\$aFDA$beng$cFDA
=035  \\$a(FSUSCA)Horward_Row_2_Section_10_1773
=049  \\$lHorward_Row_2_Section_10_1773
=100  1\$ade la Fuente, Francisco
=245  10$aDom Miguel Pereira Forjaz /$cFrancisco de la Fuente
=264  \1$a[Place of publication not identified] :$bTribuna da Historia,$c2010
=300  \\$avolume
=336  \\$atext$btxt$2rdacontent
=337  \\$aunmediated$bn$2rdamedia
=338  \\$avolume$bnc$2rdacarrier
=500  \\$aTitle on spreadsheet: "Dom Miguel Pereira Forjaz."
=500  \\$aSigned.
=932  2\$aHorward Collection$9LOCAL
=936  1\$aHorward, Donald D.,$edonor$9LOCAL
=949  \\$aFTaSU$bFSUSP$cREVIEW$9LOCAL

