=LDR  00955nam a2200205Mi 4500
=008  \\\\\\s1980\\\\xx\\\\\\\\\\\\000\0\\\\\d
=040  \\$aFDA$beng$cFDA
=035  \\$a(FSUSCA)Horward_Row_4_Section_5_2136
=049  \\$lHorward_Row_4_Section_5_2136
=100  1\$ade la Fuente, Francisco Arturo
=245  10$aDom Miguel Pereira Porjaz, His Early Career and Role in the Mobilization and Defense of Portugal During the Peninsular War /$cFrancisco Arturo de la Fuente
=264  \1$a[Place of publication not identified] :$bFlorida State University,$c1980
=300  \\$avolume
=336  \\$atext$btxt$2rdacontent
=337  \\$aunmediated$bn$2rdamedia
=338  \\$avolume$bnc$2rdacarrier
=500  \\$aTitle on spreadsheet: "Dom Miguel Pereira Porjaz: His Early Career and Role in the Mobilization and Defense of Portugal During the Peninsular War."
=932  2\$aHorward Collection$9LOCAL
=936  1\$aHorward, Donald D.,$edonor$9LOCAL
=949  \\$aFTaSU$bFSUSP$cREVIEW$9LOCAL

