=LDR  00915nam a2200205Mi 4500
=008  \\\\\\s1974\\\\xx\\\\\\\\\\\\000\0\\\\\d
=040  \\$aFDA$beng$cFDA
=035  \\$a(FSUSCA)Horward_Row_2_Section_12_2037
=049  \\$lHorward_Row_2_Section_12_2037
=100  1\$ade la Fuente, Francisco A.
=245  10$aDon Miguel Pereira Forjaz, His Role in the Mobilization and Defense of Portugal During the Peninsular War /$cFrancisco A. De La Fuente
=264  \1$a[Place of publication not identified] :$bFlorida State University,$c1974
=300  \\$avolume
=336  \\$atext$btxt$2rdacontent
=337  \\$aunmediated$bn$2rdamedia
=338  \\$avolume$bnc$2rdacarrier
=500  \\$aTitle on spreadsheet: "Don Miguel Pereira Forjaz: His Role in the Mobilization and Defense of Portugal During the Peninsular War."
=932  2\$aHorward Collection$9LOCAL
=936  1\$aHorward, Donald D.,$edonor$9LOCAL
=949  \\$aFTaSU$bFSUSP$cREVIEW$9LOCAL

