=LDR  00728nam a2200217Mi 4500
=008  \\\\\\s1929\\\\xx\\\\\\\\\\\\000\0\\\\\d
=040  \\$aFDA$beng$cFDA
=035  \\$a(FSUSCA)Horward_Row_2_Section_6_999
=049  \\$lHorward_Row_2_Section_6_999
=100  1\$aSerieyx, W.
=245  10$aDrouot et Napoleon /$cW. Serieyx
=264  \1$a[Place of publication not identified] :$bJ. Tallandier,$c1929
=300  \\$avolume
=336  \\$atext$btxt$2rdacontent
=337  \\$aunmediated$bn$2rdamedia
=338  \\$avolume$bnc$2rdacarrier
=500  \\$aTitle on spreadsheet: "Drouot et Napoleon."
=500  \\$aCustom binding.
=932  2\$aHorward Collection$9LOCAL
=936  1\$aHorward, Donald D.,$edonor$9LOCAL
=949  \\$aFTaSU$bFSUSP$cREVIEW$9LOCAL

