=LDR  00727nam a2200205Mi 4500
=008  \\\\\\s1914\\\\xx\\\\\\\\\\\\000\0\\\\\d
=040  \\$aFDA$beng$cFDA
=035  \\$a(FSUSCA)Horward_Row_4_Section_7_2399
=049  \\$lHorward_Row_4_Section_7_2399
=100  1\$aBuchan, J. Walter
=245  14$aThe Duke of Wellington /$cJ. Walter Buchan
=264  \1$a[Place of publication not identified] :$bThomas Nelson and Sons,$c1914
=300  \\$avolume
=336  \\$atext$btxt$2rdacontent
=337  \\$aunmediated$bn$2rdamedia
=338  \\$avolume$bnc$2rdacarrier
=500  \\$aTitle on spreadsheet: "The Duke of Wellington."
=932  2\$aHorward Collection$9LOCAL
=936  1\$aHorward, Donald D.,$edonor$9LOCAL
=949  \\$aFTaSU$bFSUSP$cREVIEW$9LOCAL

