=LDR  00851nam a2200205Mi 4500
=008  \\\\\\s2003\\\\xx\\\\\\\\\\\\000\0\\\\\d
=040  \\$aFDA$beng$cFDA
=035  \\$a(FSUSCA)Horward_Row_4_Section_5_2084
=049  \\$lHorward_Row_4_Section_5_2084
=100  1\$aMoon, Joshua L.
=245  14$aThe Duke of Wellington and the British Government, Problems During the Peninsular War /$cJoshua L. Moon
=264  \1$a[Place of publication not identified] :$bFlorida State University,$c2003
=300  \\$avolume
=336  \\$atext$btxt$2rdacontent
=337  \\$aunmediated$bn$2rdamedia
=338  \\$avolume$bnc$2rdacarrier
=500  \\$aTitle on spreadsheet: "The Duke of Wellington and the British Government: Problems During the Peninsular War."
=932  2\$aHorward Collection$9LOCAL
=936  1\$aHorward, Donald D.,$edonor$9LOCAL
=949  \\$aFTaSU$bFSUSP$cREVIEW$9LOCAL

