=LDR  00826nam a2200229Mi 4500
=008  \\\\\\s1990\\\\xx\\\\\\\\\\\\000\0\\\\\d
=040  \\$aFDA$beng$cFDA
=035  \\$a(FSUSCA)Horward_Row_2_Section_9_1574
=049  \\$lHorward_Row_2_Section_9_1574
=100  1\$aEsdaile
=245  14$aThe Duke of Wellington and the Command of the Spanish Army /$cEsdaile
=250  \\$aFirst edition
=264  \1$a[Place of publication not identified] :$bMacmillan,$c1990
=300  \\$avolume
=336  \\$atext$btxt$2rdacontent
=337  \\$aunmediated$bn$2rdamedia
=338  \\$avolume$bnc$2rdacarrier
=500  \\$aTitle on spreadsheet: "The Duke of Wellington and the Command of the Spanish Army."
=500  \\$aAutographed.
=932  2\$aHorward Collection$9LOCAL
=936  1\$aHorward, Donald D.,$edonor$9LOCAL
=949  \\$aFTaSU$bFSUSP$cREVIEW$9LOCAL

