=LDR  00885nam a2200205Mi 4500
=008  \\\\\\s1993\\\\xx\\\\\\\\\\\\000\0\\\\\d
=040  \\$aFDA$beng$cFDA
=035  \\$a(FSUSCA)Horward_Row_2_Section_12_2039
=049  \\$lHorward_Row_2_Section_12_2039
=100  1\$aCornell, Thomas F.
=245  14$aThe Duke of Wellington and the Transformation of Warfare, The Peninsula Campaigns of 1808 and 1809 /$cThomas F. Cornell
=264  \1$a[Place of publication not identified] :$bFlorida State University,$c1993
=300  \\$avolume
=336  \\$atext$btxt$2rdacontent
=337  \\$aunmediated$bn$2rdamedia
=338  \\$avolume$bnc$2rdacarrier
=500  \\$aTitle on spreadsheet: "The Duke of Wellington and the Transformation of Warfare: The Peninsula Campaigns of 1808 and 1809."
=932  2\$aHorward Collection$9LOCAL
=936  1\$aHorward, Donald D.,$edonor$9LOCAL
=949  \\$aFTaSU$bFSUSP$cREVIEW$9LOCAL

