=LDR  00848nam a2200217Mi 4500
=008  \\\\\\s1913\\\\xx\\\\\\\\\\\\000\0\\\\\d
=040  \\$aFDA$beng$cFDA
=035  \\$a(FSUSCA)Horward_Row_2_Section_3_396
=049  \\$lHorward_Row_2_Section_3_396
=100  1\$aDe La Tour, Jean
=245  10$aDuroc Duc de Frioul Grand Marechal du Palais Imperial (1772-1813) /$cJean De La Tour
=264  \1$a[Place of publication not identified] :$bMarc Imhaus and Rene Chapelot,$c1913
=300  \\$avolume
=336  \\$atext$btxt$2rdacontent
=337  \\$aunmediated$bn$2rdamedia
=338  \\$avolume$bnc$2rdacarrier
=500  \\$aTitle on spreadsheet: "Duroc Duc de Frioul Grand Marechal du Palais Imperial (1772-1813)."
=500  \\$aCustom binding.
=932  2\$aHorward Collection$9LOCAL
=936  1\$aHorward, Donald D.,$edonor$9LOCAL
=949  \\$aFTaSU$bFSUSP$cREVIEW$9LOCAL

