=LDR  00803nam a2200205Mi 4500
=008  \\\\\\s2002\\\\xx\\\\\\\\\\\\000\0\\\\\d
=040  \\$aFDA$beng$cFDA
=035  \\$a(FSUSCA)Horward_Row_4_Section_5_2079
=049  \\$lHorward_Row_4_Section_5_2079
=100  1\$aSigler, Jackson L.
=245  14$aThe Early Career of Paul Thiebault The Making of a General /$cJackson L. Sigler
=264  \1$a[Place of publication not identified] :$bFlorida State University,$c2002
=300  \\$avolume
=336  \\$atext$btxt$2rdacontent
=337  \\$aunmediated$bn$2rdamedia
=338  \\$avolume$bnc$2rdacarrier
=500  \\$aTitle on spreadsheet: "The Early Career of Paul Thiebault The Making of a General."
=932  2\$aHorward Collection$9LOCAL
=936  1\$aHorward, Donald D.,$edonor$9LOCAL
=949  \\$aFTaSU$bFSUSP$cREVIEW$9LOCAL

