=LDR  00817nam a2200205Mi 4500
=008  \\\\\\s1979\\\\xx\\\\\\\\\\\\000\0\\\\\d
=040  \\$aFDA$beng$cFDA
=035  \\$a(FSUSCA)Horward_Row_2_Section_12_2034
=049  \\$lHorward_Row_2_Section_12_2034
=100  1\$aGordon, Terry Emory
=245  14$aThe Early Life and Career of General Francois-Etienne Kellerman /$cTerry Emory Gordon
=264  \1$a[Place of publication not identified] :$bFlorida State University,$c1979
=300  \\$avolume
=336  \\$atext$btxt$2rdacontent
=337  \\$aunmediated$bn$2rdamedia
=338  \\$avolume$bnc$2rdacarrier
=500  \\$aTitle on spreadsheet: "The Early Life and Career of General Francois-Etienne Kellerman."
=932  2\$aHorward Collection$9LOCAL
=936  1\$aHorward, Donald D.,$edonor$9LOCAL
=949  \\$aFTaSU$bFSUSP$cREVIEW$9LOCAL

