=LDR  00819nam a2200205Mi 4500
=008  \\\\\\s1958\\\\xx\\\\\\\\\\\\000\0\\\\\d
=040  \\$aFDA$beng$cFDA
=035  \\$a(FSUSCA)Horward_Row_4_Section_6_2269
=049  \\$lHorward_Row_4_Section_6_2269
=100  1\$aGreenlaw, Ralph W.
=245  14$aThe Economic Origins of the French Revolution, Poverty or Prosperity? /$cRalph W. Greenlaw
=264  \1$a[Place of publication not identified] :$bD.C. Heath and Co.,$c1958
=300  \\$avolume
=336  \\$atext$btxt$2rdacontent
=337  \\$aunmediated$bn$2rdamedia
=338  \\$avolume$bnc$2rdacarrier
=500  \\$aTitle on spreadsheet: "The Economic Origins of the French Revolution: Poverty or Prosperity?."
=932  2\$aHorward Collection$9LOCAL
=936  1\$aHorward, Donald D.,$edonor$9LOCAL
=949  \\$aFTaSU$bFSUSP$cREVIEW$9LOCAL

