=LDR  00865nam a2200205Mi 4500
=008  \\\\\\s1978\\\\xx\\\\\\\\\\\\000\0\\\\\d
=040  \\$aFDA$beng$cFDA
=035  \\$a(FSUSCA)Horward_Row_2_Section_8_1366
=049  \\$lHorward_Row_2_Section_8_1366
=100  1\$aGonzalez, Jaime Pinilla
=245  10$aEl arte en los monasterios y conventos despoblados de la provincia de Salamanca /$cJaime Pinilla Gonzalez
=264  \1$a[Place of publication not identified] :$bEdiciones Universidad de Salamanca,$c1978
=300  \\$avolume
=336  \\$atext$btxt$2rdacontent
=337  \\$aunmediated$bn$2rdamedia
=338  \\$avolume$bnc$2rdacarrier
=500  \\$aTitle on spreadsheet: "El arte en los monasterios y conventos despoblados de la provincia de Salamanca."
=932  2\$aHorward Collection$9LOCAL
=936  1\$aHorward, Donald D.,$edonor$9LOCAL
=949  \\$aFTaSU$bFSUSP$cREVIEW$9LOCAL

