=LDR  00835nam a2200205Mi 4500
=008  \\\\\\s1973\\\\xx\\\\\\\\\\\\000\0\\\\\d
=040  \\$aFDA$beng$cFDA
=035  \\$a(FSUSCA)Horward_Row_2_Section_8_1405
=049  \\$lHorward_Row_2_Section_8_1405
=100  1\$aButler, Iris
=245  14$aThe Eldest Brother, The Marques Wellesley, the Duke of Wellington's Eldest Brother /$cIris Butler
=264  \1$a[Place of publication not identified] :$bHodder and Stoughton,$c1973
=300  \\$avolume
=336  \\$atext$btxt$2rdacontent
=337  \\$aunmediated$bn$2rdamedia
=338  \\$avolume$bnc$2rdacarrier
=500  \\$aTitle on spreadsheet: "The Eldest Brother: The Marques Wellesley, the Duke of Wellington's Eldest Brother."
=932  2\$aHorward Collection$9LOCAL
=936  1\$aHorward, Donald D.,$edonor$9LOCAL
=949  \\$aFTaSU$bFSUSP$cREVIEW$9LOCAL

