=LDR  00846nam a2200205Mi 4500
=008  \\\\\\s1953\\\\xx\\\\\\\\\\\\000\0\\\\\d
=040  \\$aFDA$beng$cFDA
=035  \\$a(FSUSCA)Horward_Row_4_Section_7_2428
=049  \\$lHorward_Row_4_Section_7_2428
=110  2\$aHistorical Association
=245  10$aEleventh Annual Report and Review of the Historical Association, Lisbon Branch /$cHistorical Association
=264  \1$a[Place of publication not identified] :$bRua Luis Fernandes,$c1953
=300  \\$avolume
=336  \\$atext$btxt$2rdacontent
=337  \\$aunmediated$bn$2rdamedia
=338  \\$avolume$bnc$2rdacarrier
=500  \\$aTitle on spreadsheet: "Eleventh Annual Report and Review of the Historical Association, Lisbon Branch."
=932  2\$aHorward Collection$9LOCAL
=936  1\$aHorward, Donald D.,$edonor$9LOCAL
=949  \\$aFTaSU$bFSUSP$cREVIEW$9LOCAL

