=LDR  00875nam a2200229Mi 4500
=008  \\\\\\s1967\\\\xx\\\\\\\\\\\\000\0\\\\\d
=040  \\$aFDA$beng$cFDA
=035  \\$a(FSUSCA)Horward_Row_2_Section_4_588
=049  \\$lHorward_Row_2_Section_4_588
=100  1\$ade Ramon Laca, Julio
=245  10$aEl General Perex de Herrasti Heroe de Ciudad Rodrigo /$cJulio de Ramon Laca, Jose de Yanguas y Messia
=264  \1$a[Place of publication not identified] :$bRaycar,$c1967
=300  \\$avolume
=336  \\$atext$btxt$2rdacontent
=337  \\$aunmediated$bn$2rdamedia
=338  \\$avolume$bnc$2rdacarrier
=500  \\$aTitle on spreadsheet: "El General Perex de Herrasti Heroe de Ciudad Rodrigo."
=500  \\$aCustom binding.
=700  1\$ade Yanguas y Messia, Jose
=932  2\$aHorward Collection$9LOCAL
=936  1\$aHorward, Donald D.,$edonor$9LOCAL
=949  \\$aFTaSU$bFSUSP$cREVIEW$9LOCAL

