=LDR  00796nam a2200205Mi 4500
=008  \\\\\\s1982\\\\xx\\\\\\\\\\\\000\0\\\\\d
=040  \\$aFDA$beng$cFDA
=035  \\$a(FSUSCA)Horward_Row_2_Section_8_1360
=049  \\$lHorward_Row_2_Section_8_1360
=100  1\$aBrandao, Raul
=245  10$aEl-Rei Junot com uma nota introdutoria de Guilherme de Castilho /$cRaul Brandao
=264  \1$a[Place of publication not identified] :$bImprensa Nacional,$c1982
=300  \\$avolume
=336  \\$atext$btxt$2rdacontent
=337  \\$aunmediated$bn$2rdamedia
=338  \\$avolume$bnc$2rdacarrier
=500  \\$aTitle on spreadsheet: "El-Rei Junot com uma nota introdutoria de Guilherme de Castilho."
=932  2\$aHorward Collection$9LOCAL
=936  1\$aHorward, Donald D.,$edonor$9LOCAL
=949  \\$aFTaSU$bFSUSP$cREVIEW$9LOCAL

