=LDR  00744nam a2200229Mi 4500
=008  \\\\\\s1957\\\\xx\\\\\\\\\\\\000\0\\\\\d
=040  \\$aFDA$beng$cFDA
=035  \\$a(FSUSCA)Horward_Row_4_Section_8_2562
=049  \\$lHorward_Row_4_Section_8_2562
=100  1\$aHamilton
=245  10$aEmma in Blue /$cHamilton and Stewart
=250  \\$aFirst Impression
=264  \1$a[Place of publication not identified] :$bWingate,$c1957
=300  \\$avolume
=336  \\$atext$btxt$2rdacontent
=337  \\$aunmediated$bn$2rdamedia
=338  \\$avolume$bnc$2rdacarrier
=500  \\$aTitle on spreadsheet: "Emma in Blue."
=700  1\$aStewart
=932  2\$aHorward Collection$9LOCAL
=936  1\$aHorward, Donald D.,$edonor$9LOCAL
=949  \\$aFTaSU$bFSUSP$cREVIEW$9LOCAL

