=LDR  00863nam a2200217Mi 4500
=008  \\\\\\s2001\\\\xx\\\\\\\\\\\\000\0\\\\\d
=040  \\$aFDA$beng$cFDA
=035  \\$a(FSUSCA)Horward_Row_2_Section_10_1770
=049  \\$lHorward_Row_2_Section_10_1770
=100  1\$aChrisawn, Margaret Scott
=245  14$aThe Emperor's Friend - Marshal Jean Lannes /$cMargaret Scott Chrisawn
=264  \1$a[Place of publication not identified] :$bGreenwood Press,$c2001
=300  \\$avolume
=336  \\$atext$btxt$2rdacontent
=337  \\$aunmediated$bn$2rdamedia
=338  \\$avolume$bnc$2rdacarrier
=500  \\$aTitle on spreadsheet: "The Emperor's Friend - Marshal Jean Lannes."
=500  \\$aSigned and contains a loose journal pamphlet, "Revue des Deux Mondes"?
=932  2\$aHorward Collection$9LOCAL
=936  1\$aHorward, Donald D.,$edonor$9LOCAL
=949  \\$aFTaSU$bFSUSP$cREVIEW$9LOCAL

