=LDR  00756nam a2200217Mi 4500
=008  \\\\\\s1991\\\\xx\\\\\\\\\\\\000\0\\\\\d
=040  \\$aFDA$beng$cFDA
=035  \\$a(FSUSCA)Horward_Row_2_Section_1_90
=049  \\$lHorward_Row_2_Section_1_90
=100  1\$aBlackburn, Julia
=245  14$aThe Emperorer's Last Island /$cBlackburn, Julia
=264  \1$a[Place of publication not identified] :$bPantheon Books,$c1991
=300  \\$avolume
=336  \\$atext$btxt$2rdacontent
=337  \\$aunmediated$bn$2rdamedia
=338  \\$avolume$bnc$2rdacarrier
=500  \\$aTitle on spreadsheet: "The Emperorer's Last Island."
=500  \\$aLoose ephemera.
=932  2\$aHorward Collection$9LOCAL
=936  1\$aHorward, Donald D.,$edonor$9LOCAL
=949  \\$aFTaSU$bFSUSP$cREVIEW$9LOCAL

