=LDR  00759nam a2200217Mi 4500
=008  \\\\\\s1940\\\\xx\\\\\\\\\\\\000\0\\\\\d
=040  \\$aFDA$beng$cFDA
=035  \\$a(FSUSCA)Horward_Row_2_Section_7_1177
=049  \\$lHorward_Row_2_Section_7_1177
=100  1\$aPratt, Fletcher
=245  14$aThe empire and the Glory /$cFletcher Pratt
=250  \\$a1st edition 
=264  \1$a[Place of publication not identified] :$bWilliam Sloane Associates,$c1940
=300  \\$avolume
=336  \\$atext$btxt$2rdacontent
=337  \\$aunmediated$bn$2rdamedia
=338  \\$avolume$bnc$2rdacarrier
=500  \\$aTitle on spreadsheet: "The empire and the Glory."
=932  2\$aHorward Collection$9LOCAL
=936  1\$aHorward, Donald D.,$edonor$9LOCAL
=949  \\$aFTaSU$bFSUSP$cREVIEW$9LOCAL

