=LDR  00843nam a2200205Mi 4500
=008  \\\\\\s1973\\\\xx\\\\\\\\\\\\000\0\\\\\d
=040  \\$aFDA$beng$cFDA
=035  \\$a(FSUSCA)Horward_Row_4_Section_7_2342
=049  \\$lHorward_Row_4_Section_7_2342
=100  1\$aApra, Nietta
=245  10$aEmpire Style, 1804-1815, An Introduction to the Decorative Style that Glorified Napoleon /$cNietta Apra
=264  \1$a[Place of publication not identified] :$bWorld Publishing,$c1973
=300  \\$avolume
=336  \\$atext$btxt$2rdacontent
=337  \\$aunmediated$bn$2rdamedia
=338  \\$avolume$bnc$2rdacarrier
=500  \\$aTitle on spreadsheet: "Empire Style, 1804-1815: An Introduction to the Decorative Style that Glorified Napoleon."
=932  2\$aHorward Collection$9LOCAL
=936  1\$aHorward, Donald D.,$edonor$9LOCAL
=949  \\$aFTaSU$bFSUSP$cREVIEW$9LOCAL

