=LDR  00730nam a2200205Mi 4500
=008  \\\\\\s1959\\\\xx\\\\\\\\\\\\000\0\\\\\d
=040  \\$aFDA$beng$cFDA
=035  \\$a(FSUSCA)Horward_Row_2_Section_7_1209
=049  \\$lHorward_Row_2_Section_7_1209
=100  1\$aFleischman, Theo
=245  10$aEn Ecoutant Parler Napoleon /$cTheo Fleischman
=264  \1$a[Place of publication not identified] :$bBrepols Bruxelles,$c1959
=300  \\$avolume
=336  \\$atext$btxt$2rdacontent
=337  \\$aunmediated$bn$2rdamedia
=338  \\$avolume$bnc$2rdacarrier
=500  \\$aTitle on spreadsheet: "En Ecoutant Parler Napoleon."
=932  2\$aHorward Collection$9LOCAL
=936  1\$aHorward, Donald D.,$edonor$9LOCAL
=949  \\$aFTaSU$bFSUSP$cREVIEW$9LOCAL

