=LDR  00736nam a2200205Mi 4500
=008  \\\\\\s1887\\\\xx\\\\\\\\\\\\000\0\\\\\d
=040  \\$aFDA$beng$cFDA
=035  \\$a(FSUSCA)Horward_Row_2_Section_7_1239
=049  \\$lHorward_Row_2_Section_7_1239
=100  1\$aBrowning, Oscar
=245  10$aEngland and Napoleon in 1803 /$cOscar Browning
=264  \1$a[Place of publication not identified] :$bLongmans, Green, and Co,$c1887
=300  \\$avolume
=336  \\$atext$btxt$2rdacontent
=337  \\$aunmediated$bn$2rdamedia
=338  \\$avolume$bnc$2rdacarrier
=500  \\$aTitle on spreadsheet: "England and Napoleon in 1803."
=932  2\$aHorward Collection$9LOCAL
=936  1\$aHorward, Donald D.,$edonor$9LOCAL
=949  \\$aFTaSU$bFSUSP$cREVIEW$9LOCAL

