=LDR  00781nam a2200217Mi 4500
=008  \\\\\\s1944\\\\xx\\\\\\\\\\\\000\0\\\\\d
=040  \\$aFDA$beng$cFDA
=035  \\$a(FSUSCA)Horward_Row_2_Section_4_607
=049  \\$lHorward_Row_2_Section_4_607
=100  1\$aMartins, Rocha
=245  10$aEpisodios da Guerra Peninsular.$nVolume 1 /$cRocha Martins
=264  \1$a[Place of publication not identified] :$bJornal do comercio Lisboa,$c1944
=300  \\$avolume
=336  \\$atext$btxt$2rdacontent
=337  \\$aunmediated$bn$2rdamedia
=338  \\$avolume$bnc$2rdacarrier
=500  \\$aTitle on spreadsheet: "Episodios da Guerra Peninsular."
=500  \\$aCustom binding.
=932  2\$aHorward Collection$9LOCAL
=936  1\$aHorward, Donald D.,$edonor$9LOCAL
=949  \\$aFTaSU$bFSUSP$cREVIEW$9LOCAL

