=LDR  00731nam a2200205Mi 4500
=008  \\\\\\s1942\\\\xx\\\\\\\\\\\\000\0\\\\\d
=040  \\$aFDA$beng$cFDA
=035  \\$a(FSUSCA)Horward_Row_2_Section_9_1451
=049  \\$lHorward_Row_2_Section_9_1451
=100  1\$ade Toreno, Conde
=245  10$aEpisodios de la Independencia /$cConde de Toreno
=264  \1$a[Place of publication not identified] :$bCasa del Libro,$c1942
=300  \\$avolume
=336  \\$atext$btxt$2rdacontent
=337  \\$aunmediated$bn$2rdamedia
=338  \\$avolume$bnc$2rdacarrier
=500  \\$aTitle on spreadsheet: "Episodios de la Independencia."
=932  2\$aHorward Collection$9LOCAL
=936  1\$aHorward, Donald D.,$edonor$9LOCAL
=949  \\$aFTaSU$bFSUSP$cREVIEW$9LOCAL

