=LDR  00779nam a2200205Mi 4500
=008  \\\\\\s1929\\\\xx\\\\\\\\\\\\000\0\\\\\d
=040  \\$aFDA$beng$cFDA
=035  \\$a(FSUSCA)Horward_Row_4_Section_7_2527
=049  \\$lHorward_Row_4_Section_7_2527
=100  1\$aGottschalk, Louis R.
=245  14$aThe Era of the French Revolution (1715-1815) /$cLouis R. Gottschalk
=264  \1$a[Place of publication not identified] :$bHoughton Mifflin Company,$c1929
=300  \\$avolume
=336  \\$atext$btxt$2rdacontent
=337  \\$aunmediated$bn$2rdamedia
=338  \\$avolume$bnc$2rdacarrier
=500  \\$aTitle on spreadsheet: "The Era of the French Revolution (1715-1815)."
=932  2\$aHorward Collection$9LOCAL
=936  1\$aHorward, Donald D.,$edonor$9LOCAL
=949  \\$aFTaSU$bFSUSP$cREVIEW$9LOCAL

