=LDR  00835nam a2200217Mi 4500
=008  \\\\\\s1853\\\\xx\\\\\\\\\\\\000\0\\\\\d
=040  \\$aFDA$beng$cFDA
=035  \\$a(FSUSCA)Horward_Row_4_Section_6_2312
=049  \\$lHorward_Row_4_Section_6_2312
=100  1\$aThierry, Augustin
=245  10$aEssai sur L'Histoire de La Formation et Des Progres Du Tiers Etat /$cAugustin Thierry
=264  \1$a[Place of publication not identified] :$bFurne et Cie,$c1853
=300  \\$avolume
=336  \\$atext$btxt$2rdacontent
=337  \\$aunmediated$bn$2rdamedia
=338  \\$avolume$bnc$2rdacarrier
=500  \\$aTitle on spreadsheet: "Essai sur L'Histoire de La Formation et Des Progres Du Tiers Etat."
=500  \\$aCustom binding.
=932  2\$aHorward Collection$9LOCAL
=936  1\$aHorward, Donald D.,$edonor$9LOCAL
=949  \\$aFTaSU$bFSUSP$cREVIEW$9LOCAL

