=LDR  00820nam a2200205Mi 4500
=008  \\\\\\s2010\\\\xx\\\\\\\\\\\\000\0\\\\\d
=040  \\$aFDA$beng$cFDA
=035  \\$a(FSUSCA)Horward_Row_4_Section_7_2331
=049  \\$lHorward_Row_4_Section_7_2331
=100  1\$aKent, Conrad
=245  10$aEstampas de la Guerra de la Independencia en la Privincia de Salamanca /$cConrad Kent
=264  \1$a[Place of publication not identified] :$bInstituto de las Indentidades,$c2010
=300  \\$avolume
=336  \\$atext$btxt$2rdacontent
=337  \\$aunmediated$bn$2rdamedia
=338  \\$avolume$bnc$2rdacarrier
=500  \\$aTitle on spreadsheet: "Estampas de la Guerra de la Independencia en la Privincia de Salamanca."
=932  2\$aHorward Collection$9LOCAL
=936  1\$aHorward, Donald D.,$edonor$9LOCAL
=949  \\$aFTaSU$bFSUSP$cREVIEW$9LOCAL

