=LDR  00904nam a2200217Mi 4500
=008  \\\\\\s1896\\\\xx\\\\\\\\\\\\000\0\\\\\d
=040  \\$aFDA$beng$cFDA
=035  \\$a(FSUSCA)Horward_Row_2_Section_4_(Right)_719
=049  \\$lHorward_Row_2_Section_4_(Right)_719
=100  1\$ade Moraes Leite Velho, B. T.
=245  10$aEstudo Historico Relacoes Diplomaticas e Politicas Entre a Franca e Portugal /$cB.T. de Moraes Leite Velho
=264  \1$a[Place of publication not identified] :$bLisboa Imprensa Nacional,$c1896
=300  \\$avolume
=336  \\$atext$btxt$2rdacontent
=337  \\$aunmediated$bn$2rdamedia
=338  \\$avolume$bnc$2rdacarrier
=500  \\$aTitle on spreadsheet: "Estudo Historico Relacoes Diplomaticas e Politicas Entre a Franca e Portugal."
=500  \\$aCustom binding.
=932  2\$aHorward Collection$9LOCAL
=936  1\$aHorward, Donald D.,$edonor$9LOCAL
=949  \\$aFTaSU$bFSUSP$cREVIEW$9LOCAL

