=LDR  00800nam a2200205Mi 4500
=008  \\\\\\s1981\\\\xx\\\\\\\\\\\\000\0\\\\\d
=040  \\$aFDA$beng$cFDA
=035  \\$a(FSUSCA)Horward_Row_2_Section_2_174
=049  \\$lHorward_Row_2_Section_2_174
=100  1\$aRoss, Steven T.
=245  10$aEuropean Diplomatic History 1789-1815, France Against Europe /$cSteven T. Ross
=264  \1$a[Place of publication not identified] :$bKrieger Publishing Comany,$c1981
=300  \\$avolume
=336  \\$atext$btxt$2rdacontent
=337  \\$aunmediated$bn$2rdamedia
=338  \\$avolume$bnc$2rdacarrier
=500  \\$aTitle on spreadsheet: "European Diplomatic History 1789-1815: France Against Europe."
=932  2\$aHorward Collection$9LOCAL
=936  1\$aHorward, Donald D.,$edonor$9LOCAL
=949  \\$aFTaSU$bFSUSP$cREVIEW$9LOCAL

