=LDR  00798nam a2200205Mi 4500
=008  \\\\\\s1931\\\\xx\\\\\\\\\\\\000\0\\\\\d
=040  \\$aFDA$beng$cFDA
=035  \\$a(FSUSCA)Horward_Row_2_Section_8_1311
=049  \\$lHorward_Row_2_Section_8_1311
=100  1\$aShupp, Paul F.
=245  14$aThe European Powers and the Near Eastern Question 1806-1807 /$cPaul F. Shupp
=264  \1$a[Place of publication not identified] :$bColumbia University Press,$c1931
=300  \\$avolume
=336  \\$atext$btxt$2rdacontent
=337  \\$aunmediated$bn$2rdamedia
=338  \\$avolume$bnc$2rdacarrier
=500  \\$aTitle on spreadsheet: "The European Powers and the Near Eastern Question 1806-1807."
=932  2\$aHorward Collection$9LOCAL
=936  1\$aHorward, Donald D.,$edonor$9LOCAL
=949  \\$aFTaSU$bFSUSP$cREVIEW$9LOCAL

