=LDR  00766nam a2200205Mi 4500
=008  \\\\\\suuuu\\\\xx\\\\\\\\\\\\000\0\\\\\d
=040  \\$aFDA$beng$cFDA
=035  \\$a(FSUSCA)Horward_Row_4_Section_7_2448
=049  \\$lHorward_Row_4_Section_7_2448
=100  1\$aMowat, R. B.
=245  10$aEurope in the Age of Napoleon /$cR. B. Mowat
=264  \1$a[Place of publication not identified] :$bRobert M. McBride and Co.,$c[date of publication not identified]
=300  \\$avolume
=336  \\$atext$btxt$2rdacontent
=337  \\$aunmediated$bn$2rdamedia
=338  \\$avolume$bnc$2rdacarrier
=500  \\$aTitle on spreadsheet: "Europe in the Age of Napoleon."
=932  2\$aHorward Collection$9LOCAL
=936  1\$aHorward, Donald D.,$edonor$9LOCAL
=949  \\$aFTaSU$bFSUSP$cREVIEW$9LOCAL

