=LDR  00703nam a2200205Mi 4500
=008  \\\\\\s1951\\\\xx\\\\\\\\\\\\000\0\\\\\d
=040  \\$aFDA$beng$cFDA
=035  \\$a(FSUSCA)Horward_Row_2_Section_3_470
=049  \\$lHorward_Row_2_Section_3_470
=245  00$aExposicao da Epoca Napoleonica
=264  \1$a[Place of publication not identified] :$bLisboa,$c1951
=300  \\$avolume
=336  \\$atext$btxt$2rdacontent
=337  \\$aunmediated$bn$2rdamedia
=338  \\$avolume$bnc$2rdacarrier
=500  \\$aTitle on spreadsheet: "Exposicao da Epoca Napoleonica."
=500  \\$aCustom binding.
=932  2\$aHorward Collection$9LOCAL
=936  1\$aHorward, Donald D.,$edonor$9LOCAL
=949  \\$aFTaSU$bFSUSP$cREVIEW$9LOCAL

