=LDR  00754nam a2200217Mi 4500
=008  \\\\\\s1815\\\\xx\\\\\\\\\\\\000\0\\\\\d
=040  \\$aFDA$beng$cFDA
=035  \\$a(FSUSCA)Horward_Row_2_Section_4_587
=049  \\$lHorward_Row_2_Section_4_587
=100  1\$aF.J.B.
=245  10$aExposicao Veridica, e Sincera /$cF.J.B.
=264  \1$a[Place of publication not identified] :$b[publisher not identified],$c1815
=300  \\$avolume
=336  \\$atext$btxt$2rdacontent
=337  \\$aunmediated$bn$2rdamedia
=338  \\$avolume$bnc$2rdacarrier
=500  \\$aTitle on spreadsheet: "Exposicao Veridica, e Sincera."
=500  \\$aCustom binding.
=932  2\$aHorward Collection$9LOCAL
=936  1\$aHorward, Donald D.,$edonor$9LOCAL
=949  \\$aFTaSU$bFSUSP$cREVIEW$9LOCAL

