=LDR  00843nam a2200217Mi 4500
=008  \\\\\\s1895\\\\xx\\\\\\\\\\\\000\0\\\\\d
=040  \\$aFDA$beng$cFDA
=035  \\$a(FSUSCA)Horward_Row_2_Section_3_389
=049  \\$lHorward_Row_2_Section_3_389
=100  1\$aBapst, Germain
=245  10$aExposition Historique et Militaire de La Revolution et de L'Empire /$cGermain Bapst
=264  \1$a[Place of publication not identified] :$bGalerie des Champs-Elysees,$c1895
=300  \\$avolume
=336  \\$atext$btxt$2rdacontent
=337  \\$aunmediated$bn$2rdamedia
=338  \\$avolume$bnc$2rdacarrier
=500  \\$aTitle on spreadsheet: "Exposition Historique et Militaire de La Revolution et de L'Empire."
=500  \\$aCustom binding.
=932  2\$aHorward Collection$9LOCAL
=936  1\$aHorward, Donald D.,$edonor$9LOCAL
=949  \\$aFTaSU$bFSUSP$cREVIEW$9LOCAL

