=LDR  00787nam a2200205Mi 4500
=008  \\\\\\s1952\\\\xx\\\\\\\\\\\\000\0\\\\\d
=040  \\$aFDA$beng$cFDA
=035  \\$a(FSUSCA)Horward_Row_2_Section_4_574
=049  \\$lHorward_Row_2_Section_4_574
=100  1\$aBilliet, Joseph
=245  10$aExposition La Paix D'amiens le Concordat le Consulat a Vie /$cJoseph Billiet
=264  \1$a[Place of publication not identified] :$bMusees Nationaux,$c1952
=300  \\$avolume
=336  \\$atext$btxt$2rdacontent
=337  \\$aunmediated$bn$2rdamedia
=338  \\$avolume$bnc$2rdacarrier
=500  \\$aTitle on spreadsheet: "Exposition La Paix D'amiens le Concordat le Consulat a Vie."
=932  2\$aHorward Collection$9LOCAL
=936  1\$aHorward, Donald D.,$edonor$9LOCAL
=949  \\$aFTaSU$bFSUSP$cREVIEW$9LOCAL

