=LDR  00801nam a2200217Mi 4500
=008  \\\\\\suuuu\\\\xx\\\\\\\\\\\\000\0\\\\\d
=040  \\$aFDA$beng$cFDA
=035  \\$a(FSUSCA)Horward_Row_2_Section_10_1661
=049  \\$lHorward_Row_2_Section_10_1661
=100  1\$aCaine, O. V.
=245  10$aFace to Face with Napoleon /$cO. V. Caine
=264  \1$a[Place of publication not identified] :$bJames Nibset and Co.,$c[date of publication not identified]
=300  \\$avolume
=336  \\$atext$btxt$2rdacontent
=337  \\$aunmediated$bn$2rdamedia
=338  \\$avolume$bnc$2rdacarrier
=500  \\$aTitle on spreadsheet: "Face to Face with Napoleon."
=500  \\$aMay contain custom binding.
=932  2\$aHorward Collection$9LOCAL
=936  1\$aHorward, Donald D.,$edonor$9LOCAL
=949  \\$aFTaSU$bFSUSP$cREVIEW$9LOCAL

