=LDR  00704nam a2200205Mi 4500
=008  \\\\\\s1994\\\\xx\\\\\\\\\\\\000\0\\\\\d
=040  \\$aFDA$beng$cFDA
=035  \\$a(FSUSCA)Horward_Row_2_Section_9_1453
=049  \\$lHorward_Row_2_Section_9_1453
=100  1\$aTone, John Lawrence
=245  14$aThe Fatal Knot /$cJohn Lawrence Tone
=264  \1$a[Place of publication not identified] :$bChapel Hill,$c1994
=300  \\$avolume
=336  \\$atext$btxt$2rdacontent
=337  \\$aunmediated$bn$2rdamedia
=338  \\$avolume$bnc$2rdacarrier
=500  \\$aTitle on spreadsheet: "The Fatal Knot."
=932  2\$aHorward Collection$9LOCAL
=936  1\$aHorward, Donald D.,$edonor$9LOCAL
=949  \\$aFTaSU$bFSUSP$cREVIEW$9LOCAL

