=LDR  00787nam a2200217Mi 4500
=008  \\\\\\s1994\\\\xx\\\\\\\\\\\\000\0\\\\\d
=040  \\$aFDA$beng$cFDA
=035  \\$a(FSUSCA)Horward_Row_4_Section_6_2319
=049  \\$lHorward_Row_4_Section_6_2319
=100  1\$aTone, John Lawrence
=245  14$aThe Fatal Knot /$cJohn Lawrence Tone
=264  \1$a[Place of publication not identified] :$bUniversity of North Carolina Press,$c1994
=300  \\$avolume
=336  \\$atext$btxt$2rdacontent
=337  \\$aunmediated$bn$2rdamedia
=338  \\$avolume$bnc$2rdacarrier
=500  \\$aTitle on spreadsheet: "The Fatal Knot."
=500  \\$aHorward review and correspondence with AHA.
=932  2\$aHorward Collection$9LOCAL
=936  1\$aHorward, Donald D.,$edonor$9LOCAL
=949  \\$aFTaSU$bFSUSP$cREVIEW$9LOCAL

