=LDR  00821nam a2200205Mi 4500
=008  \\\\\\s2004\\\\xx\\\\\\\\\\\\000\0\\\\\d
=040  \\$aFDA$beng$cFDA
=035  \\$a(FSUSCA)Horward_Row_4_Section_6_2196
=049  \\$lHorward_Row_4_Section_6_2196
=100  1\$aMacdonald, Janet
=245  10$aFeeding Nelson's Navy, The True Story of Food at Sea in the Georgian Era /$cJanet Macdonald
=264  \1$a[Place of publication not identified] :$bChatham Publishing,$c2004
=300  \\$avolume
=336  \\$atext$btxt$2rdacontent
=337  \\$aunmediated$bn$2rdamedia
=338  \\$avolume$bnc$2rdacarrier
=500  \\$aTitle on spreadsheet: "Feeding Nelson's Navy: The True Story of Food at Sea in the Georgian Era."
=932  2\$aHorward Collection$9LOCAL
=936  1\$aHorward, Donald D.,$edonor$9LOCAL
=949  \\$aFTaSU$bFSUSP$cREVIEW$9LOCAL

