=LDR  00920nam a2200229Mi 4500
=008  \\\\\\s2005\\\\xx\\\\\\\\\\\\000\0\\\\\d
=040  \\$aFDA$beng$cFDA
=035  \\$a(FSUSCA)Horward_Row_2_Section_11_1866
=049  \\$lHorward_Row_2_Section_11_1866
=100  1\$aOliveira, Paulo Martins
=245  10$aFeira da Golega, Das Origens a Actualidade Subsidos para a sua Historia /$cPaulo Martins Oliveira
=250  \\$aSecond
=264  \1$a[Place of publication not identified] :$bAssociacao Feira Nacional do Cavalo Municipo de Golega,$c2005
=300  \\$avolume
=336  \\$atext$btxt$2rdacontent
=337  \\$aunmediated$bn$2rdamedia
=338  \\$avolume$bnc$2rdacarrier
=500  \\$aTitle on spreadsheet: "A Feira da Golega: Das Origens a Actualidade Subsidos para a sua Historia."
=500  \\$aSigned.
=932  2\$aHorward Collection$9LOCAL
=936  1\$aHorward, Donald D.,$edonor$9LOCAL
=949  \\$aFTaSU$bFSUSP$cREVIEW$9LOCAL

