=LDR  00819nam a2200217Mi 4500
=008  \\\\\\s1910\\\\xx\\\\\\\\\\\\000\0\\\\\d
=040  \\$aFDA$beng$cFDA
=035  \\$a(FSUSCA)Horward_Row_2_Section_4_572
=049  \\$lHorward_Row_2_Section_4_572
=100  1\$aFernandes Thomas, Pedro
=245  10$aFigueira e a Invasao Franceza /$cPedro Fernandes Thomas
=264  \1$a[Place of publication not identified] :$b[publisher not identified],$c1910
=300  \\$avolume
=336  \\$atext$btxt$2rdacontent
=337  \\$aunmediated$bn$2rdamedia
=338  \\$avolume$bnc$2rdacarrier
=500  \\$aTitle on spreadsheet: "A Figueira e a Invasao Franceza."
=500  \\$aBook is together but torn. Spin is withering.
=932  2\$aHorward Collection$9LOCAL
=936  1\$aHorward, Donald D.,$edonor$9LOCAL
=949  \\$aFTaSU$bFSUSP$cREVIEW$9LOCAL

