=LDR  00718nam a2200205Mi 4500
=008  \\\\\\s1929\\\\xx\\\\\\\\\\\\000\0\\\\\d
=040  \\$aFDA$beng$cFDA
=035  \\$a(FSUSCA)Horward_Row_2_Section_1_68
=049  \\$lHorward_Row_2_Section_1_68
=100  1\$aMadelin, Louis
=245  10$aFigures of the Revolution /$cMadelin, Louis
=264  \1$a[Place of publication not identified] :$bMacaulay Company,$c1929
=300  \\$avolume
=336  \\$atext$btxt$2rdacontent
=337  \\$aunmediated$bn$2rdamedia
=338  \\$avolume$bnc$2rdacarrier
=500  \\$aTitle on spreadsheet: "Figures of the Revolution."
=932  2\$aHorward Collection$9LOCAL
=936  1\$aHorward, Donald D.,$edonor$9LOCAL
=949  \\$aFTaSU$bFSUSP$cREVIEW$9LOCAL

