=LDR  00814nam a2200205Mi 4500
=008  \\\\\\s1964\\\\xx\\\\\\\\\\\\000\0\\\\\d
=040  \\$aFDA$beng$cFDA
=035  \\$a(FSUSCA)Horward_Row_2_Section_11_1925
=049  \\$lHorward_Row_2_Section_11_1925
=100  1\$aHughes, B. P.
=245  10$aFirepower, Weapons Effectiveness on the Battlefield, 1630-1850 /$cMajor-General B. P. Hughes
=264  \1$a[Place of publication not identified] :$bArms and Armour Press,$c1964
=300  \\$avolume
=336  \\$atext$btxt$2rdacontent
=337  \\$aunmediated$bn$2rdamedia
=338  \\$avolume$bnc$2rdacarrier
=500  \\$aTitle on spreadsheet: "Firepower: Weapons Effectiveness on the Battlefield, 1630-1850."
=932  2\$aHorward Collection$9LOCAL
=936  1\$aHorward, Donald D.,$edonor$9LOCAL
=949  \\$aFTaSU$bFSUSP$cREVIEW$9LOCAL

