=LDR  00789nam a2200205Mi 4500
=008  \\\\\\s1974\\\\xx\\\\\\\\\\\\000\0\\\\\d
=040  \\$aFDA$beng$cFDA
=035  \\$a(FSUSCA)Horward_Row_2_Section_6_920
=049  \\$lHorward_Row_2_Section_6_920
=100  1\$aKinross, John
=245  10$aFishguard Fiasco, An Account of the Last Invasion of Britain /$cJohn Kinross
=264  \1$a[Place of publication not identified] :$bH.G. Walters, Ltd.,$c1974
=300  \\$avolume
=336  \\$atext$btxt$2rdacontent
=337  \\$aunmediated$bn$2rdamedia
=338  \\$avolume$bnc$2rdacarrier
=500  \\$aTitle on spreadsheet: "Fishguard Fiasco: An Account of the Last Invasion of Britain."
=932  2\$aHorward Collection$9LOCAL
=936  1\$aHorward, Donald D.,$edonor$9LOCAL
=949  \\$aFTaSU$bFSUSP$cREVIEW$9LOCAL

