=LDR  00851nam a2200205Mi 4500
=008  \\\\\\s1998\\\\xx\\\\\\\\\\\\000\0\\\\\d
=040  \\$aFDA$beng$cFDA
=035  \\$a(FSUSCA)Horward_Row_4_Section_5_2070
=049  \\$lHorward_Row_4_Section_5_2070
=100  1\$aKrajeski, Paul Christopher
=245  10$aFlags around the Peninsula, the Naval Career of Admiral Sir Charles Cotton /$cPaul Christopher Krajeski
=264  \1$a[Place of publication not identified] :$bFlorida State University,$c1998
=300  \\$avolume
=336  \\$atext$btxt$2rdacontent
=337  \\$aunmediated$bn$2rdamedia
=338  \\$avolume$bnc$2rdacarrier
=500  \\$aTitle on spreadsheet: "Flags around the Peninsula: the Naval Career of Admiral Sir Charles Cotton."
=932  2\$aHorward Collection$9LOCAL
=936  1\$aHorward, Donald D.,$edonor$9LOCAL
=949  \\$aFTaSU$bFSUSP$cREVIEW$9LOCAL

