=LDR  00881nam a2200205Mi 4500
=008  \\\\\\s1965\\\\xx\\\\\\\\\\\\000\0\\\\\d
=040  \\$aFDA$beng$cFDA
=035  \\$a(FSUSCA)Horward_Row_2_Section_11_1912
=049  \\$lHorward_Row_2_Section_11_1912
=100  1\$aHorward, Donald D.
=245  10$aFlorida State University Studies Number Forty-Four, The Battle of Bussaco, Massena vs Wellington /$cDonald D. Horward
=264  \1$a[Place of publication not identified] :$bFlorida State University,$c1965
=300  \\$avolume
=336  \\$atext$btxt$2rdacontent
=337  \\$aunmediated$bn$2rdamedia
=338  \\$avolume$bnc$2rdacarrier
=500  \\$aTitle on spreadsheet: "Florida State University Studies Number Forty-Four: The Battle of Bussaco: Massena vs Wellington."
=932  2\$aHorward Collection$9LOCAL
=936  1\$aHorward, Donald D.,$edonor$9LOCAL
=949  \\$aFTaSU$bFSUSP$cREVIEW$9LOCAL

