=LDR  00836nam a2200205Mi 4500
=008  \\\\\\s2000\\\\xx\\\\\\\\\\\\000\0\\\\\d
=040  \\$aFDA$beng$cFDA
=035  \\$a(FSUSCA)Horward_Row_4_Section_6_2201
=049  \\$lHorward_Row_4_Section_6_2201
=100  1\$aEysturlid, Lee W.
=245  14$aThe Formative Influences, Theories and Campaigns of the Archduke Carl of Austria /$cLee W. Eysturlid
=264  \1$a[Place of publication not identified] :$bGreenwood Press,$c2000
=300  \\$avolume
=336  \\$atext$btxt$2rdacontent
=337  \\$aunmediated$bn$2rdamedia
=338  \\$avolume$bnc$2rdacarrier
=500  \\$aTitle on spreadsheet: "The Formative Influences, Theories and Campaigns of the Archduke Carl of Austria."
=932  2\$aHorward Collection$9LOCAL
=936  1\$aHorward, Donald D.,$edonor$9LOCAL
=949  \\$aFTaSU$bFSUSP$cREVIEW$9LOCAL

