=LDR  00862nam a2200205Mi 4500
=008  \\\\\\s1992\\\\xx\\\\\\\\\\\\000\0\\\\\d
=040  \\$aFDA$beng$cFDA
=035  \\$a(FSUSCA)Horward_Row_4_Section_5_2147
=049  \\$lHorward_Row_4_Section_5_2147
=100  1\$aHenson, James P. Jr.
=245  10$aFor the Cause Cadiz and the Peninsular War Miltary and Siege Operations From 1808-1812 /$cJames P. Herson Jr
=264  \1$a[Place of publication not identified] :$bFlorida State University,$c1992
=300  \\$avolume
=336  \\$atext$btxt$2rdacontent
=337  \\$aunmediated$bn$2rdamedia
=338  \\$avolume$bnc$2rdacarrier
=500  \\$aTitle on spreadsheet: "For the Cause Cadiz and the Peninsular War Miltary and Siege Operations From 1808-1812."
=932  2\$aHorward Collection$9LOCAL
=936  1\$aHorward, Donald D.,$edonor$9LOCAL
=949  \\$aFTaSU$bFSUSP$cREVIEW$9LOCAL

