=LDR  00864nam a2200217Mi 4500
=008  \\\\\\s1840\\\\xx\\\\\\\\\\\\000\0\\\\\d
=040  \\$aFDA$beng$cFDA
=035  \\$a(FSUSCA)Horward_Row_2_Section_4_(Right)_662
=049  \\$lHorward_Row_2_Section_4_(Right)_662
=100  1\$aPelet, General
=245  10$aFortificato de Paris , Pieces Inedites Dictres par C'Empereur /$cGeneral Pelet?
=264  \1$a[Place of publication not identified] :$b[publisher not identified],$c[1840]
=300  \\$avolume
=336  \\$atext$btxt$2rdacontent
=337  \\$aunmediated$bn$2rdamedia
=338  \\$avolume$bnc$2rdacarrier
=500  \\$aTitle on spreadsheet: "Fortificato de Paris : Pieces Inedites Dictres par C'Empereur."
=500  \\$aMay contain custom binding.
=932  2\$aHorward Collection$9LOCAL
=936  1\$aHorward, Donald D.,$edonor$9LOCAL
=949  \\$aFTaSU$bFSUSP$cREVIEW$9LOCAL

