=LDR  00772nam a2200205Mi 4500
=008  \\\\\\s1979\\\\xx\\\\\\\\\\\\000\0\\\\\d
=040  \\$aFDA$beng$cFDA
=035  \\$a(FSUSCA)Horward_Row_2_Section_7_1200
=049  \\$lHorward_Row_2_Section_7_1200
=100  1\$aEric, A. Arnold Jr.
=245  10$aFouche, Napoleon, and the General Police /$cEric A. Arnold Jr.
=264  \1$a[Place of publication not identified] :$bUniversity Press of America,$c1979
=300  \\$avolume
=336  \\$atext$btxt$2rdacontent
=337  \\$aunmediated$bn$2rdamedia
=338  \\$avolume$bnc$2rdacarrier
=500  \\$aTitle on spreadsheet: "Fouche, Napoleon, and the General Police."
=932  2\$aHorward Collection$9LOCAL
=936  1\$aHorward, Donald D.,$edonor$9LOCAL
=949  \\$aFTaSU$bFSUSP$cREVIEW$9LOCAL

