=LDR  00830nam a2200229Mi 4500
=008  \\\\\\s1945\\\\xx\\\\\\\\\\\\000\0\\\\\d
=040  \\$aFDA$beng$cFDA
=035  \\$a(FSUSCA)Horward_Row_4_Section_7_2402
=049  \\$lHorward_Row_4_Section_7_2402
=100  1\$aCroquez, Albert
=245  10$aFouquier-Tinville, L'Accusateur Public /$cAlbert Croquez et Georges Loublie
=264  \1$a[Place of publication not identified] :$bRene Julliard,$c1945
=300  \\$avolume
=336  \\$atext$btxt$2rdacontent
=337  \\$aunmediated$bn$2rdamedia
=338  \\$avolume$bnc$2rdacarrier
=500  \\$aTitle on spreadsheet: "Fouquier-Tinville, L'Accusateur Public."
=500  \\$aCustom binding.
=700  1\$aLoublie, Georges
=932  2\$aHorward Collection$9LOCAL
=936  1\$aHorward, Donald D.,$edonor$9LOCAL
=949  \\$aFTaSU$bFSUSP$cREVIEW$9LOCAL

