=LDR  00769nam a2200205Mi 4500
=008  \\\\\\s1962\\\\xx\\\\\\\\\\\\000\0\\\\\d
=040  \\$aFDA$beng$cFDA
=035  \\$a(FSUSCA)Horward_Row_2_Section_11_1917
=049  \\$lHorward_Row_2_Section_11_1917
=100  1\$aSmeaton, W. A.
=245  10$aFourcroy, chemist and Revolutionary 1755-1809 /$cW. A. Smeaton
=264  \1$a[Place of publication not identified] :$bW. Heffer and Sons LTD,$c1962
=300  \\$avolume
=336  \\$atext$btxt$2rdacontent
=337  \\$aunmediated$bn$2rdamedia
=338  \\$avolume$bnc$2rdacarrier
=500  \\$aTitle on spreadsheet: "Fourcroy: chemist and Revolutionary 1755-1809."
=932  2\$aHorward Collection$9LOCAL
=936  1\$aHorward, Donald D.,$edonor$9LOCAL
=949  \\$aFTaSU$bFSUSP$cREVIEW$9LOCAL

