=LDR  00799nam a2200217Mi 4500
=008  \\\\\\s1936\\\\xx\\\\\\\\\\\\000\0\\\\\d
=040  \\$aFDA$beng$cFDA
=035  \\$a(FSUSCA)Horward_Row_4_Section_6_2289
=049  \\$lHorward_Row_4_Section_6_2289
=100  1\$aDupont, Marcel
=245  10$aFournier Sarloveze, Le Plus Mauvais Sujet de L'Armee /$cMarcel Dupont
=264  \1$a[Place of publication not identified] :$bHachette,$c1936
=300  \\$avolume
=336  \\$atext$btxt$2rdacontent
=337  \\$aunmediated$bn$2rdamedia
=338  \\$avolume$bnc$2rdacarrier
=500  \\$aTitle on spreadsheet: "Fournier Sarloveze: Le Plus Mauvais Sujet de L'Armee."
=500  \\$aCustom binding.
=932  2\$aHorward Collection$9LOCAL
=936  1\$aHorward, Donald D.,$edonor$9LOCAL
=949  \\$aFTaSU$bFSUSP$cREVIEW$9LOCAL

