=LDR  00794nam a2200205Mi 4500
=008  \\\\\\s1962\\\\xx\\\\\\\\\\\\000\0\\\\\d
=040  \\$aFDA$beng$cFDA
=035  \\$a(FSUSCA)Horward_Row_2_Section_6_1056
=049  \\$lHorward_Row_2_Section_6_1056
=100  1\$ade Stoeckl, Agnes
=245  10$aFour Years and Empress, Marie Louise, Second Wife of Napoleon /$cAgnes de Stoeckl
=264  \1$a[Place of publication not identified] :$bJohn Murray,$c1962
=300  \\$avolume
=336  \\$atext$btxt$2rdacontent
=337  \\$aunmediated$bn$2rdamedia
=338  \\$avolume$bnc$2rdacarrier
=500  \\$aTitle on spreadsheet: "Four Years and Empress: Marie Louise, Second Wife of Napoleon."
=932  2\$aHorward Collection$9LOCAL
=936  1\$aHorward, Donald D.,$edonor$9LOCAL
=949  \\$aFTaSU$bFSUSP$cREVIEW$9LOCAL

