=LDR  00749nam a2200205Mi 4500
=008  \\\\\\s1896\\\\xx\\\\\\\\\\\\000\0\\\\\d
=040  \\$aFDA$beng$cFDA
=035  \\$a(FSUSCA)Horward_Row_2_Section_8_1326
=049  \\$lHorward_Row_2_Section_8_1326
=100  1\$aJohnson, T.G.
=245  10$aFrancois-Severin Marceau 1769-1796 /$cCaptain T.G. Johnson
=264  \1$a[Place of publication not identified] :$bGeorge Bell and Sons,$c1896
=300  \\$avolume
=336  \\$atext$btxt$2rdacontent
=337  \\$aunmediated$bn$2rdamedia
=338  \\$avolume$bnc$2rdacarrier
=500  \\$aTitle on spreadsheet: "Francois-Severin Marceau 1769-1796."
=932  2\$aHorward Collection$9LOCAL
=936  1\$aHorward, Donald D.,$edonor$9LOCAL
=949  \\$aFTaSU$bFSUSP$cREVIEW$9LOCAL

