=LDR  00861nam a2200205Mi 4500
=008  \\\\\\s1969\\\\xx\\\\\\\\\\\\000\0\\\\\d
=040  \\$aFDA$beng$cFDA
=035  \\$a(FSUSCA)Horward_Row_2_Section_12_2045
=049  \\$lHorward_Row_2_Section_12_2045
=100  1\$aLong, Richard Melville
=245  10$aFranco-Tuscan Relations, 1791-1799 The Tuscan Neutrality and The French Revolution /$cRichard Melville Long
=264  \1$a[Place of publication not identified] :$bFlorida State University,$c1969
=300  \\$avolume
=336  \\$atext$btxt$2rdacontent
=337  \\$aunmediated$bn$2rdamedia
=338  \\$avolume$bnc$2rdacarrier
=500  \\$aTitle on spreadsheet: "Franco-Tuscan Relations: 1791-1799 The Tuscan Neutrality and The French Revolution."
=932  2\$aHorward Collection$9LOCAL
=936  1\$aHorward, Donald D.,$edonor$9LOCAL
=949  \\$aFTaSU$bFSUSP$cREVIEW$9LOCAL

