=LDR  00926nam a2200217Mi 4500
=008  \\\\\\s1973\\\\xx\\\\\\\\\\\\000\0\\\\\d
=040  \\$aFDA$beng$cFDA
=035  \\$a(FSUSCA)Horward_Row_2_Section_11_1918
=049  \\$lHorward_Row_2_Section_11_1918
=100  1\$aPelet, Jean Jacques
=245  14$aThe French Campaign in Portugal,1810-1811, An Account by Jean Jacques Pelet /$cJean Jacques Pelet (translated and edited by Donald D. Horward)
=264  \1$a[Place of publication not identified] :$bUniversity of Minnesota Press,$c1973
=300  \\$avolume
=336  \\$atext$btxt$2rdacontent
=337  \\$aunmediated$bn$2rdamedia
=338  \\$avolume$bnc$2rdacarrier
=500  \\$aTitle on spreadsheet: "The French Campaign in Portugal,1810-1811: An Account by Jean Jacques Pelet."
=700  1\$aHorward, Donald D.
=932  2\$aHorward Collection$9LOCAL
=936  1\$aHorward, Donald D.,$edonor$9LOCAL
=949  \\$aFTaSU$bFSUSP$cREVIEW$9LOCAL

