=LDR  00948nam a2200229Mi 4500
=008  \\\\\\s1973\\\\xx\\\\\\\\\\\\000\0\\\\\d
=040  \\$aFDA$beng$cFDA
=035  \\$a(FSUSCA)Horward_Row_4_Section_6_2152
=049  \\$lHorward_Row_4_Section_6_2152
=100  1\$aPelet, Jean Jacques
=245  14$aThe French Campaign in Portugal, An Account by Jean Jacques Pelet /$cJean Jacques Pelet (edited, annotated, and translated by Donald D. Horward
=264  \1$a[Place of publication not identified] :$bUniversity of Minnesota Press,$c1973
=300  \\$avolume
=336  \\$atext$btxt$2rdacontent
=337  \\$aunmediated$bn$2rdamedia
=338  \\$avolume$bnc$2rdacarrier
=500  \\$aTitle on spreadsheet: "The French Campaign in Portugal: An Account by Jean Jacques Pelet."
=500  \\$aCustom bindings.
=700  1\$aHorward, Donald D.
=932  2\$aHorward Collection$9LOCAL
=936  1\$aHorward, Donald D.,$edonor$9LOCAL
=949  \\$aFTaSU$bFSUSP$cREVIEW$9LOCAL

