=LDR  00765nam a2200205Mi 4500
=008  \\\\\\s1991\\\\xx\\\\\\\\\\\\000\0\\\\\d
=040  \\$aFDA$beng$cFDA
=035  \\$a(FSUSCA)Horward_Row_2_Section_9_1493
=049  \\$lHorward_Row_2_Section_9_1493
=100  1\$aScott, Joan Wallach
=245  10$aFrench Feminists claim the Rights of Man /$cJoan Wallach Scott
=264  \1$a[Place of publication not identified] :$bWashinton University,$c1991
=300  \\$avolume
=336  \\$atext$btxt$2rdacontent
=337  \\$aunmediated$bn$2rdamedia
=338  \\$avolume$bnc$2rdacarrier
=500  \\$aTitle on spreadsheet: "French Feminists claim the Rights of Man."
=932  2\$aHorward Collection$9LOCAL
=936  1\$aHorward, Donald D.,$edonor$9LOCAL
=949  \\$aFTaSU$bFSUSP$cREVIEW$9LOCAL

