=LDR  00809nam a2200205Mi 4500
=008  \\\\\\s1968\\\\xx\\\\\\\\\\\\000\0\\\\\d
=040  \\$aFDA$beng$cFDA
=035  \\$a(FSUSCA)Horward_Row_2_Section_6_899
=049  \\$lHorward_Row_2_Section_6_899
=100  1\$aRiehn, Richard K.
=245  14$aThe French Imperial Army, The Campaigns of 1813-1814 and Waterloo /$cRichard K. Riehn
=264  \1$a[Place of publication not identified] :$bI/R Miniatures, Inc.,$c1968
=300  \\$avolume
=336  \\$atext$btxt$2rdacontent
=337  \\$aunmediated$bn$2rdamedia
=338  \\$avolume$bnc$2rdacarrier
=500  \\$aTitle on spreadsheet: "The French Imperial Army: The Campaigns of 1813-1814 and Waterloo."
=932  2\$aHorward Collection$9LOCAL
=936  1\$aHorward, Donald D.,$edonor$9LOCAL
=949  \\$aFTaSU$bFSUSP$cREVIEW$9LOCAL

