=LDR  00782nam a2200205Mi 4500
=008  \\\\\\s1963\\\\xx\\\\\\\\\\\\000\0\\\\\d
=040  \\$aFDA$beng$cFDA
=035  \\$a(FSUSCA)Horward_Row_2_Section_10_1701
=049  \\$lHorward_Row_2_Section_10_1701
=100  1\$aRiehn, Richard K.
=245  14$aThe French infantry and Artillery, 1795-1812 /$cRichard K. Riehn
=264  \1$a[Place of publication not identified] :$bImprie/Risley Miniatures, Inc.,,$c1963
=300  \\$avolume
=336  \\$atext$btxt$2rdacontent
=337  \\$aunmediated$bn$2rdamedia
=338  \\$avolume$bnc$2rdacarrier
=500  \\$aTitle on spreadsheet: "The French infantry and Artillery: 1795-1812."
=932  2\$aHorward Collection$9LOCAL
=936  1\$aHorward, Donald D.,$edonor$9LOCAL
=949  \\$aFTaSU$bFSUSP$cREVIEW$9LOCAL

