=LDR  00730nam a2200205Mi 4500
=008  \\\\\\s1957\\\\xx\\\\\\\\\\\\000\0\\\\\d
=040  \\$aFDA$beng$cFDA
=035  \\$a(FSUSCA)Horward_Row_4_Section_6_2321
=049  \\$lHorward_Row_4_Section_6_2321
=100  1\$aHeriot, Angus
=245  14$aThe French in Italy, 1796-1799 /$cAngus Heriot
=264  \1$a[Place of publication not identified] :$bChatto and Windus,$c1957
=300  \\$avolume
=336  \\$atext$btxt$2rdacontent
=337  \\$aunmediated$bn$2rdamedia
=338  \\$avolume$bnc$2rdacarrier
=500  \\$aTitle on spreadsheet: "The French in Italy, 1796-1799."
=932  2\$aHorward Collection$9LOCAL
=936  1\$aHorward, Donald D.,$edonor$9LOCAL
=949  \\$aFTaSU$bFSUSP$cREVIEW$9LOCAL

