=LDR  00768nam a2200205Mi 4500
=008  \\\\\\s1904\\\\xx\\\\\\\\\\\\000\0\\\\\d
=040  \\$aFDA$beng$cFDA
=035  \\$a(FSUSCA)Horward_Row_4_Section_8_2572
=049  \\$lHorward_Row_4_Section_8_2572
=100  1\$aGrant, Colquhoun
=245  14$aThe French Noblesse of the Eighteenth Century /$cColquhoun Grant
=264  \1$a[Place of publication not identified] :$bE.P. Dutton and Co.,$c1904
=300  \\$avolume
=336  \\$atext$btxt$2rdacontent
=337  \\$aunmediated$bn$2rdamedia
=338  \\$avolume$bnc$2rdacarrier
=500  \\$aTitle on spreadsheet: "The French Noblesse of the Eighteenth Century."
=932  2\$aHorward Collection$9LOCAL
=936  1\$aHorward, Donald D.,$edonor$9LOCAL
=949  \\$aFTaSU$bFSUSP$cREVIEW$9LOCAL

