=LDR  00744nam a2200205Mi 4500
=008  \\\\\\s1891\\\\xx\\\\\\\\\\\\000\0\\\\\d
=040  \\$aFDA$beng$cFDA
=035  \\$a(FSUSCA)Horward_Row_2_Section_1_163
=049  \\$lHorward_Row_2_Section_1_163
=100  1\$aStephens, H. Morse
=245  14$aThe French Revolution.$nvol. 1 /$cStephens, H. Morse
=264  \1$a[Place of publication not identified] :$bCharles Scribner's Sons,$c1891
=300  \\$avolume
=336  \\$atext$btxt$2rdacontent
=337  \\$aunmediated$bn$2rdamedia
=338  \\$avolume$bnc$2rdacarrier
=500  \\$aTitle on spreadsheet: "The French Revolution, vol. 1."
=932  2\$aHorward Collection$9LOCAL
=936  1\$aHorward, Donald D.,$edonor$9LOCAL
=949  \\$aFTaSU$bFSUSP$cREVIEW$9LOCAL

