=LDR  00719nam a2200205Mi 4500
=008  \\\\\\s1961\\\\xx\\\\\\\\\\\\000\0\\\\\d
=040  \\$aFDA$beng$cFDA
=035  \\$a(FSUSCA)Horward_Row_2_Section_7_1225
=049  \\$lHorward_Row_2_Section_7_1225
=100  1\$aCarlyle, Thomas
=245  14$aThe French Revolution /$cThomas Carlyle
=264  \1$a[Place of publication not identified] :$bModern Library Giant,$c1961
=300  \\$avolume
=336  \\$atext$btxt$2rdacontent
=337  \\$aunmediated$bn$2rdamedia
=338  \\$avolume$bnc$2rdacarrier
=500  \\$aTitle on spreadsheet: "The French Revolution."
=932  2\$aHorward Collection$9LOCAL
=936  1\$aHorward, Donald D.,$edonor$9LOCAL
=949  \\$aFTaSU$bFSUSP$cREVIEW$9LOCAL

