=LDR  00816nam a2200217Mi 4500
=008  \\\\\\s1967\\\\xx\\\\\\\\\\\\000\0\\\\\d
=040  \\$aFDA$beng$cFDA
=035  \\$a(FSUSCA)Horward_Row_2_Section_11_1870
=049  \\$lHorward_Row_2_Section_11_1870
=100  1\$aSobel, Robert
=245  14$aThe French Revolution, A Concise History and Interpretation /$cRobert Sobel
=264  \1$a[Place of publication not identified] :$bArdmore Press,$c1967
=300  \\$avolume
=336  \\$atext$btxt$2rdacontent
=337  \\$aunmediated$bn$2rdamedia
=338  \\$avolume$bnc$2rdacarrier
=500  \\$aTitle on spreadsheet: "The French Revolution: A Concise History and Interpretation."
=500  \\$aBroken cover.
=932  2\$aHorward Collection$9LOCAL
=936  1\$aHorward, Donald D.,$edonor$9LOCAL
=949  \\$aFTaSU$bFSUSP$cREVIEW$9LOCAL

