=LDR  00774nam a2200205Mi 4500
=008  \\\\\\s2001\\\\xx\\\\\\\\\\\\000\0\\\\\d
=040  \\$aFDA$beng$cFDA
=035  \\$a(FSUSCA)Horward_Row_4_Section_7_2536
=049  \\$lHorward_Row_4_Section_7_2536
=100  1\$aDoyle, William
=245  14$aThe French Revolution, A Very Short Introduction /$cWilliam Doyle
=264  \1$a[Place of publication not identified] :$bOxford University Press,$c2001
=300  \\$avolume
=336  \\$atext$btxt$2rdacontent
=337  \\$aunmediated$bn$2rdamedia
=338  \\$avolume$bnc$2rdacarrier
=500  \\$aTitle on spreadsheet: "The French Revolution: A Very Short Introduction."
=932  2\$aHorward Collection$9LOCAL
=936  1\$aHorward, Donald D.,$edonor$9LOCAL
=949  \\$aFTaSU$bFSUSP$cREVIEW$9LOCAL

