=LDR  00822nam a2200205Mi 4500
=008  \\\\\\s1975\\\\xx\\\\\\\\\\\\000\0\\\\\d
=040  \\$aFDA$beng$cFDA
=035  \\$a(FSUSCA)Horward_Row_2_Section_8_1302
=049  \\$lHorward_Row_2_Section_8_1302
=100  1\$aSoboul, Albert
=245  14$aThe French Revolution 1787-1799 From the Storming of the Bastille to Napoleon /$cAlbert Soboul
=264  \1$a[Place of publication not identified] :$bVintage Books,$c1975
=300  \\$avolume
=336  \\$atext$btxt$2rdacontent
=337  \\$aunmediated$bn$2rdamedia
=338  \\$avolume$bnc$2rdacarrier
=500  \\$aTitle on spreadsheet: "The French Revolution 1787-1799 From the Storming of the Bastille to Napoleon."
=932  2\$aHorward Collection$9LOCAL
=936  1\$aHorward, Donald D.,$edonor$9LOCAL
=949  \\$aFTaSU$bFSUSP$cREVIEW$9LOCAL

