=LDR  00808nam a2200229Mi 4500
=008  \\\\\\s1991\\\\xx\\\\\\\\\\\\000\0\\\\\d
=040  \\$aFDA$beng$cFDA
=035  \\$a(FSUSCA)Horward_Row_4_Section_6_2281
=049  \\$lHorward_Row_4_Section_6_2281
=100  1\$aConnelly, Owen
=245  14$aThe French Revolution and Napoleonic Era /$cOwen Connelly
=250  \\$aSecond
=264  \1$a[Place of publication not identified] :$bHolt, Rinehart and Winston,$c1991
=300  \\$avolume
=336  \\$atext$btxt$2rdacontent
=337  \\$aunmediated$bn$2rdamedia
=338  \\$avolume$bnc$2rdacarrier
=500  \\$aTitle on spreadsheet: "The French Revolution and Napoleonic Era."
=500  \\$aSigned.
=932  2\$aHorward Collection$9LOCAL
=936  1\$aHorward, Donald D.,$edonor$9LOCAL
=949  \\$aFTaSU$bFSUSP$cREVIEW$9LOCAL

