=LDR  00819nam a2200229Mi 4500
=008  \\\\\\s1989\\\\xx\\\\\\\\\\\\000\0\\\\\d
=040  \\$aFDA$beng$cFDA
=035  \\$a(FSUSCA)Horward_Row_2_Section_12_2025
=049  \\$lHorward_Row_2_Section_12_2025
=100  1\$aKafker
=245  14$aThe French Revolution Conflicting Interpretations /$cKafker and Laux
=250  \\$a4th Edition
=264  \1$a[Place of publication not identified] :$bKrieger Publishing Co,$c1989
=300  \\$avolume
=336  \\$atext$btxt$2rdacontent
=337  \\$aunmediated$bn$2rdamedia
=338  \\$avolume$bnc$2rdacarrier
=500  \\$aTitle on spreadsheet: "The French Revolution Conflicting Interpretations."
=700  1\$aLaux
=932  2\$aHorward Collection$9LOCAL
=936  1\$aHorward, Donald D.,$edonor$9LOCAL
=949  \\$aFTaSU$bFSUSP$cREVIEW$9LOCAL

