=LDR  00808nam a2200217Mi 4500
=008  \\\\\\s1983\\\\xx\\\\\\\\\\\\000\0\\\\\d
=040  \\$aFDA$beng$cFDA
=035  \\$a(FSUSCA)Horward_Row_2_Section_2_199
=049  \\$lHorward_Row_2_Section_2_199
=100  1\$aMcCroy, Martin
=245  10$aFrench Revolution for Beginners /$cMartin McCroy and Robert Moulder
=264  \1$a[Place of publication not identified] :$bWriters and Readers Publishing Cooperative,$c1983
=300  \\$avolume
=336  \\$atext$btxt$2rdacontent
=337  \\$aunmediated$bn$2rdamedia
=338  \\$avolume$bnc$2rdacarrier
=500  \\$aTitle on spreadsheet: "French Revolution for Beginners."
=700  1\$aMoulder, Robert
=932  2\$aHorward Collection$9LOCAL
=936  1\$aHorward, Donald D.,$edonor$9LOCAL
=949  \\$aFTaSU$bFSUSP$cREVIEW$9LOCAL

