=LDR  00798nam a2200205Mi 4500
=008  \\\\\\s1979\\\\xx\\\\\\\\\\\\000\0\\\\\d
=040  \\$aFDA$beng$cFDA
=035  \\$a(FSUSCA)Horward_Row_2_Section_1_41
=049  \\$lHorward_Row_2_Section_1_41
=100  1\$aWoloch, Isser
=245  14$aThe French Veteran from the Revolution to the Restoration /$cWoloch, Isser
=264  \1$a[Place of publication not identified] :$bUniversity of North Carolina Press,$c1979
=300  \\$avolume
=336  \\$atext$btxt$2rdacontent
=337  \\$aunmediated$bn$2rdamedia
=338  \\$avolume$bnc$2rdacarrier
=500  \\$aTitle on spreadsheet: "The French Veteran from the Revolution to the Restoration."
=932  2\$aHorward Collection$9LOCAL
=936  1\$aHorward, Donald D.,$edonor$9LOCAL
=949  \\$aFTaSU$bFSUSP$cREVIEW$9LOCAL

