=LDR  00837nam a2200217Mi 4500
=008  \\\\\\s2001\\\\xx\\\\\\\\\\\\000\0\\\\\d
=040  \\$aFDA$beng$cFDA
=035  \\$a(FSUSCA)Horward_Row_2_Section_10_1761
=049  \\$lHorward_Row_2_Section_10_1761
=100  1\$aEsdalle, Charles D.
=245  14$aThe French Wars 1792-1815 /$cCharles D. Esdalle
=264  \1$a[Place of publication not identified] :$bRoutledge Taylor and Francis Group,$c2001
=300  \\$avolume
=336  \\$atext$btxt$2rdacontent
=337  \\$aunmediated$bn$2rdamedia
=338  \\$avolume$bnc$2rdacarrier
=500  \\$aTitle on spreadsheet: "The French Wars 1792-1815."
=500  \\$aSigned and Letter from the University of Liverpool School of History.
=932  2\$aHorward Collection$9LOCAL
=936  1\$aHorward, Donald D.,$edonor$9LOCAL
=949  \\$aFTaSU$bFSUSP$cREVIEW$9LOCAL

