=LDR  00767nam a2200205Mi 4500
=008  \\\\\\s1984\\\\xx\\\\\\\\\\\\000\0\\\\\d
=040  \\$aFDA$beng$cFDA
=035  \\$a(FSUSCA)Horward_Row_2_Section_6_1060
=049  \\$lHorward_Row_2_Section_6_1060
=100  1\$aSpencer, Samia I.
=245  10$aFrench Women and the Age of Enlightenment /$cSamia I. Spencer
=264  \1$a[Place of publication not identified] :$bIndiana University Press,$c1984
=300  \\$avolume
=336  \\$atext$btxt$2rdacontent
=337  \\$aunmediated$bn$2rdamedia
=338  \\$avolume$bnc$2rdacarrier
=500  \\$aTitle on spreadsheet: "French Women and the Age of Enlightenment."
=932  2\$aHorward Collection$9LOCAL
=936  1\$aHorward, Donald D.,$edonor$9LOCAL
=949  \\$aFTaSU$bFSUSP$cREVIEW$9LOCAL

