=LDR  00816nam a2200205Mi 4500
=008  \\\\\\s1956\\\\xx\\\\\\\\\\\\000\0\\\\\d
=040  \\$aFDA$beng$cFDA
=035  \\$a(FSUSCA)Horward_Row_2_Section_11_1901
=049  \\$lHorward_Row_2_Section_11_1901
=100  1\$aAspinall-Oglander, Cecil
=245  10$aFreshly Remembered, The Story of Thomas Graham, Lord Lynedoch /$cCecil Aspinall-Oglander
=264  \1$a[Place of publication not identified] :$bThe Hogarth Press,$c1956
=300  \\$avolume
=336  \\$atext$btxt$2rdacontent
=337  \\$aunmediated$bn$2rdamedia
=338  \\$avolume$bnc$2rdacarrier
=500  \\$aTitle on spreadsheet: "Freshly Remembered: The Story of Thomas Graham, Lord Lynedoch."
=932  2\$aHorward Collection$9LOCAL
=936  1\$aHorward, Donald D.,$edonor$9LOCAL
=949  \\$aFTaSU$bFSUSP$cREVIEW$9LOCAL

