=LDR  00782nam a2200205Mi 4500
=008  \\\\\\s1979\\\\xx\\\\\\\\\\\\000\0\\\\\d
=040  \\$aFDA$beng$cFDA
=035  \\$a(FSUSCA)Horward_Row_4_Section_6_2150
=049  \\$lHorward_Row_4_Section_6_2150
=100  1\$aRoss, Steven
=245  10$aFrom Flintlock to Rifle Infantry Tactics, 1740-1866 /$cSteven Ross
=264  \1$a[Place of publication not identified] :$bAssociated University Presses,$c1979
=300  \\$avolume
=336  \\$atext$btxt$2rdacontent
=337  \\$aunmediated$bn$2rdamedia
=338  \\$avolume$bnc$2rdacarrier
=500  \\$aTitle on spreadsheet: "From Flintlock to Rifle Infantry Tactics, 1740-1866."
=932  2\$aHorward Collection$9LOCAL
=936  1\$aHorward, Donald D.,$edonor$9LOCAL
=949  \\$aFTaSU$bFSUSP$cREVIEW$9LOCAL

