=LDR  00761nam a2200205Mi 4500
=008  \\\\\\s1970\\\\xx\\\\\\\\\\\\000\0\\\\\d
=040  \\$aFDA$beng$cFDA
=035  \\$a(FSUSCA)Horward_Row_2_Section_6_1079
=049  \\$lHorward_Row_2_Section_6_1079
=100  1\$aBaynham, Henry
=245  10$aFrom the Lower Deck, The Royal Navy 1780-1840 /$cHenry Baynham
=264  \1$a[Place of publication not identified] :$bBarre Publishers,$c1970
=300  \\$avolume
=336  \\$atext$btxt$2rdacontent
=337  \\$aunmediated$bn$2rdamedia
=338  \\$avolume$bnc$2rdacarrier
=500  \\$aTitle on spreadsheet: "From the Lower Deck: The Royal Navy 1780-1840."
=932  2\$aHorward Collection$9LOCAL
=936  1\$aHorward, Donald D.,$edonor$9LOCAL
=949  \\$aFTaSU$bFSUSP$cREVIEW$9LOCAL

