=LDR  00804nam a2200205Mi 4500
=008  \\\\\\s1952\\\\xx\\\\\\\\\\\\000\0\\\\\d
=040  \\$aFDA$beng$cFDA
=035  \\$a(FSUSCA)Horward_Row_2_Section_4_568
=049  \\$lHorward_Row_2_Section_4_568
=100  1\$aAlonso, B. Sanchez
=245  10$aFuentes de La Historia Espanola e Hispano-Americana.$nVolume 1 /$cB. Sanchez Alonso
=264  \1$a[Place of publication not identified] :$bRevissta de Filologia Espanola,$c1952
=300  \\$avolume
=336  \\$atext$btxt$2rdacontent
=337  \\$aunmediated$bn$2rdamedia
=338  \\$avolume$bnc$2rdacarrier
=500  \\$aTitle on spreadsheet: "Fuentes de La Historia Espanola e Hispano-Americana."
=932  2\$aHorward Collection$9LOCAL
=936  1\$aHorward, Donald D.,$edonor$9LOCAL
=949  \\$aFTaSU$bFSUSP$cREVIEW$9LOCAL

