=LDR  00796nam a2200205Mi 4500
=008  \\\\\\s1955\\\\xx\\\\\\\\\\\\000\0\\\\\d
=040  \\$aFDA$beng$cFDA
=035  \\$a(FSUSCA)Horward_Row_2_Section_4_615
=049  \\$lHorward_Row_2_Section_4_615
=100  1\$aMartinez Cachero, Jose Maria
=245  10$aGaspar Melchor de Jovellanos Diarios.$nVolume 3 /$cJose Maria Martinez Cachero
=264  \1$a[Place of publication not identified] :$bInstituto de Estudios Asturianos,$c1955
=300  \\$avolume
=336  \\$atext$btxt$2rdacontent
=337  \\$aunmediated$bn$2rdamedia
=338  \\$avolume$bnc$2rdacarrier
=500  \\$aTitle on spreadsheet: "Gaspar Melchor de Jovellanos Diarios."
=932  2\$aHorward Collection$9LOCAL
=936  1\$aHorward, Donald D.,$edonor$9LOCAL
=949  \\$aFTaSU$bFSUSP$cREVIEW$9LOCAL

