=LDR  00807nam a2200205Mi 4500
=008  \\\\\\s1997\\\\xx\\\\\\\\\\\\000\0\\\\\d
=040  \\$aFDA$beng$cFDA
=035  \\$a(FSUSCA)Horward_Row_2_Section_8_1282
=049  \\$lHorward_Row_2_Section_8_1282
=100  1\$aGallaher, John G.
=245  10$aGeneral Alexandre Dumas Soldier of the French Revolution /$cJohn G. Gallaher
=264  \1$a[Place of publication not identified] :$bSouthern Illinois University Press,$c1997
=300  \\$avolume
=336  \\$atext$btxt$2rdacontent
=337  \\$aunmediated$bn$2rdamedia
=338  \\$avolume$bnc$2rdacarrier
=500  \\$aTitle on spreadsheet: "General Alexandre Dumas Soldier of the French Revolution."
=932  2\$aHorward Collection$9LOCAL
=936  1\$aHorward, Donald D.,$edonor$9LOCAL
=949  \\$aFTaSU$bFSUSP$cREVIEW$9LOCAL

