=LDR  00728nam a2200205Mi 4500
=008  \\\\\\s1912\\\\xx\\\\\\\\\\\\000\0\\\\\d
=040  \\$aFDA$beng$cFDA
=035  \\$a(FSUSCA)Horward_Row_2_Section_1_139
=049  \\$lHorward_Row_2_Section_1_139
=100  1\$aHall, Sir John
=245  10$aGeneral Pichergru's Treason /$cHall, Sir John
=264  \1$a[Place of publication not identified] :$bSmith, Elder and Co.,$c1912
=300  \\$avolume
=336  \\$atext$btxt$2rdacontent
=337  \\$aunmediated$bn$2rdamedia
=338  \\$avolume$bnc$2rdacarrier
=500  \\$aTitle on spreadsheet: "General Pichergru's Treason."
=932  2\$aHorward Collection$9LOCAL
=936  1\$aHorward, Donald D.,$edonor$9LOCAL
=949  \\$aFTaSU$bFSUSP$cREVIEW$9LOCAL

