=LDR  00759nam a2200205Mi 4500
=008  \\\\\\s1964\\\\xx\\\\\\\\\\\\000\0\\\\\d
=040  \\$aFDA$beng$cFDA
=035  \\$a(FSUSCA)Horward_Row_2_Section_11_1841
=049  \\$lHorward_Row_2_Section_11_1841
=100  1\$aBrett-James, Antony
=245  10$aGeneral Wilson's Journal 1812-1814 /$cedited by Antony Brett-James
=264  \1$a[Place of publication not identified] :$bWilliam Kimber,$c1964
=300  \\$avolume
=336  \\$atext$btxt$2rdacontent
=337  \\$aunmediated$bn$2rdamedia
=338  \\$avolume$bnc$2rdacarrier
=500  \\$aTitle on spreadsheet: "General Wilson's Journal 1812-1814."
=932  2\$aHorward Collection$9LOCAL
=936  1\$aHorward, Donald D.,$edonor$9LOCAL
=949  \\$aFTaSU$bFSUSP$cREVIEW$9LOCAL

