=LDR  00763nam a2200205Mi 4500
=008  \\\\\\s1938\\\\xx\\\\\\\\\\\\000\0\\\\\d
=040  \\$aFDA$beng$cFDA
=035  \\$a(FSUSCA)Horward_Row_2_Section_11_1846
=049  \\$lHorward_Row_2_Section_11_1846
=100  1\$aDeutsch, Harold C.
=245  14$aThe Genesis of Napoleonic Imperialism /$cHarold C. Deutsch
=264  \1$a[Place of publication not identified] :$bHarvard University Press,$c1938
=300  \\$avolume
=336  \\$atext$btxt$2rdacontent
=337  \\$aunmediated$bn$2rdamedia
=338  \\$avolume$bnc$2rdacarrier
=500  \\$aTitle on spreadsheet: "The Genesis of Napoleonic Imperialism."
=932  2\$aHorward Collection$9LOCAL
=936  1\$aHorward, Donald D.,$edonor$9LOCAL
=949  \\$aFTaSU$bFSUSP$cREVIEW$9LOCAL

