=LDR  00939nam a2200217Mi 4500
=008  \\\\\\s1859\\\\xx\\\\\\\\\\\\000\0\\\\\d
=040  \\$aFDA$beng$cFDA
=035  \\$a(FSUSCA)Horward_Row_2_Section_3_541
=049  \\$lHorward_Row_2_Section_3_541
=110  2\$aOficial que Ha Side del Ministerio de la Guerra?
=245  10$aGeografia Historico-Militar de Espana Y Portugal.$nVol. II /$cOficial que Ha Side del Ministerio de la Guerra?
=264  \1$a[Place of publication not identified] :$bEstablecimiento Tipografico de Don Francisco de P. Mellado,$c1859
=300  \\$avolume
=336  \\$atext$btxt$2rdacontent
=337  \\$aunmediated$bn$2rdamedia
=338  \\$avolume$bnc$2rdacarrier
=500  \\$aTitle on spreadsheet: "Geografia Historico-Militar de Espana Y Portugal, Vol. II."
=500  \\$aMay contain custom binding.
=932  2\$aHorward Collection$9LOCAL
=936  1\$aHorward, Donald D.,$edonor$9LOCAL
=949  \\$aFTaSU$bFSUSP$cREVIEW$9LOCAL

