=LDR  00801nam a2200205Mi 4500
=008  \\\\\\s1997\\\\xx\\\\\\\\\\\\000\0\\\\\d
=040  \\$aFDA$beng$cFDA
=035  \\$a(FSUSCA)Horward_Row_4_Section_6_2156
=049  \\$lHorward_Row_4_Section_6_2156
=100  1\$aLynn, John A.
=245  10$aGiant of the Grand Siecle, The French Army, 1610-1715 /$cJohn A. Lynn
=264  \1$a[Place of publication not identified] :$bUniversity of Illinois at Urbana-Champaign,$c1997
=300  \\$avolume
=336  \\$atext$btxt$2rdacontent
=337  \\$aunmediated$bn$2rdamedia
=338  \\$avolume$bnc$2rdacarrier
=500  \\$aTitle on spreadsheet: "Giant of the Grand Siecle: The French Army, 1610-1715."
=932  2\$aHorward Collection$9LOCAL
=936  1\$aHorward, Donald D.,$edonor$9LOCAL
=949  \\$aFTaSU$bFSUSP$cREVIEW$9LOCAL

