=LDR  00766nam a2200205Mi 4500
=008  \\\\\\s1962\\\\xx\\\\\\\\\\\\000\0\\\\\d
=040  \\$aFDA$beng$cFDA
=035  \\$a(FSUSCA)Horward_Row_2_Section_1_159
=049  \\$lHorward_Row_2_Section_1_159
=100  1\$aSoubiran, Andre
=245  14$aThe Good Doctor Guillotin and His Strange Device /$cSoubiran, Andre
=264  \1$a[Place of publication not identified] :$bSouvenir Press,$c1962
=300  \\$avolume
=336  \\$atext$btxt$2rdacontent
=337  \\$aunmediated$bn$2rdamedia
=338  \\$avolume$bnc$2rdacarrier
=500  \\$aTitle on spreadsheet: "The Good Doctor Guillotin and His Strange Device."
=932  2\$aHorward Collection$9LOCAL
=936  1\$aHorward, Donald D.,$edonor$9LOCAL
=949  \\$aFTaSU$bFSUSP$cREVIEW$9LOCAL

