=LDR  00778nam a2200217Mi 4500
=008  \\\\\\s1895\\\\xx\\\\\\\\\\\\000\0\\\\\d
=040  \\$aFDA$beng$cFDA
=035  \\$a(FSUSCA)Horward_Row_2_Section_6_956
=049  \\$lHorward_Row_2_Section_6_956
=100  1\$aGirod de L'Ain, Maurice
=245  10$aGrand Artilleurs /$cMaurice Girod de L'Ain
=264  \1$a[Place of publication not identified] :$bBerger-Leverault et cie, Libraires-Editeurs,$c1895
=300  \\$avolume
=336  \\$atext$btxt$2rdacontent
=337  \\$aunmediated$bn$2rdamedia
=338  \\$avolume$bnc$2rdacarrier
=500  \\$aTitle on spreadsheet: "Grand Artilleurs."
=500  \\$aCustom binding.
=932  2\$aHorward Collection$9LOCAL
=936  1\$aHorward, Donald D.,$edonor$9LOCAL
=949  \\$aFTaSU$bFSUSP$cREVIEW$9LOCAL

