=LDR  00808nam a2200205Mi 4500
=008  \\\\\\s1979\\\\xx\\\\\\\\\\\\000\0\\\\\d
=040  \\$aFDA$beng$cFDA
=035  \\$a(FSUSCA)Horward_Row_2_Section_11_1943
=049  \\$lHorward_Row_2_Section_11_1943
=100  1\$aBond, Gordon C.
=245  14$aThe Grand Expedition, The British Invasion of Holland in 1809 /$cGordon C. Bond
=264  \1$a[Place of publication not identified] :$bUniversity of Georgia Press,$c1979
=300  \\$avolume
=336  \\$atext$btxt$2rdacontent
=337  \\$aunmediated$bn$2rdamedia
=338  \\$avolume$bnc$2rdacarrier
=500  \\$aTitle on spreadsheet: "The Grand Expedition: The British Invasion of Holland in 1809."
=932  2\$aHorward Collection$9LOCAL
=936  1\$aHorward, Donald D.,$edonor$9LOCAL
=949  \\$aFTaSU$bFSUSP$cREVIEW$9LOCAL

