=LDR  00709nam a2200205Mi 4500
=008  \\\\\\s1984\\\\xx\\\\\\\\\\\\000\0\\\\\d
=040  \\$aFDA$beng$cFDA
=035  \\$a(FSUSCA)Horward_Row_2_Section_1_34
=049  \\$lHorward_Row_2_Section_1_34
=100  1\$aDarnton, Robert
=245  14$aThe Great Cat Massacre /$cDarnton, Robert
=264  \1$a[Place of publication not identified] :$bBasic Books,$c1984
=300  \\$avolume
=336  \\$atext$btxt$2rdacontent
=337  \\$aunmediated$bn$2rdamedia
=338  \\$avolume$bnc$2rdacarrier
=500  \\$aTitle on spreadsheet: "The Great Cat Massacre."
=932  2\$aHorward Collection$9LOCAL
=936  1\$aHorward, Donald D.,$edonor$9LOCAL
=949  \\$aFTaSU$bFSUSP$cREVIEW$9LOCAL

