=LDR  00710nam a2200205Mi 4500
=008  \\\\\\s1911\\\\xx\\\\\\\\\\\\000\0\\\\\d
=040  \\$aFDA$beng$cFDA
=035  \\$a(FSUSCA)Horward_Row_2_Section_8_1345
=049  \\$lHorward_Row_2_Section_8_1345
=100  1\$aFitchett, W. H.
=245  14$aThe Great Duke /$cW.H. Fitchett, B.A.
=264  \1$a[Place of publication not identified] :$bSmith, Elder and Co.,$c1911
=300  \\$avolume
=336  \\$atext$btxt$2rdacontent
=337  \\$aunmediated$bn$2rdamedia
=338  \\$avolume$bnc$2rdacarrier
=500  \\$aTitle on spreadsheet: "The Great Duke."
=932  2\$aHorward Collection$9LOCAL
=936  1\$aHorward, Donald D.,$edonor$9LOCAL
=949  \\$aFTaSU$bFSUSP$cREVIEW$9LOCAL

