=LDR  00840nam a2200205Mi 4500
=008  \\\\\\s1972\\\\xx\\\\\\\\\\\\000\0\\\\\d
=040  \\$aFDA$beng$cFDA
=035  \\$a(FSUSCA)Horward_Row_2_Section_8_1358
=049  \\$lHorward_Row_2_Section_8_1358
=100  1\$aBryant, Arthur
=245  14$aThe Great Duke, A brilliant biographical narrative of Wellington, the soldier /$cArthur Bryant
=264  \1$a[Place of publication not identified] :$bWilliam Morrow and Company, Inc,$c1972
=300  \\$avolume
=336  \\$atext$btxt$2rdacontent
=337  \\$aunmediated$bn$2rdamedia
=338  \\$avolume$bnc$2rdacarrier
=500  \\$aTitle on spreadsheet: "The Great Duke: A brilliant biographical narrative of Wellington, the soldier."
=932  2\$aHorward Collection$9LOCAL
=936  1\$aHorward, Donald D.,$edonor$9LOCAL
=949  \\$aFTaSU$bFSUSP$cREVIEW$9LOCAL

