=LDR  00730nam a2200205Mi 4500
=008  \\\\\\s1910\\\\xx\\\\\\\\\\\\000\0\\\\\d
=040  \\$aFDA$beng$cFDA
=035  \\$a(FSUSCA)Horward_Row_2_Section_2_219
=049  \\$lHorward_Row_2_Section_2_219
=100  1\$aYoung, Norwood
=245  14$aThe Growth of Napoleon /$cNorwood Young
=264  \1$a[Place of publication not identified] :$bJohn Murray, Albemarle Street, W.,$c1910
=300  \\$avolume
=336  \\$atext$btxt$2rdacontent
=337  \\$aunmediated$bn$2rdamedia
=338  \\$avolume$bnc$2rdacarrier
=500  \\$aTitle on spreadsheet: "The Growth of Napoleon."
=932  2\$aHorward Collection$9LOCAL
=936  1\$aHorward, Donald D.,$edonor$9LOCAL
=949  \\$aFTaSU$bFSUSP$cREVIEW$9LOCAL

