=LDR  00813nam a2200217Mi 4500
=008  \\\\\\s1964\\\\xx\\\\\\\\\\\\000\0\\\\\d
=040  \\$aFDA$beng$cFDA
=035  \\$a(FSUSCA)Horward_Row_2_Section_3_411
=049  \\$lHorward_Row_2_Section_3_411
=100  1\$aPrado, J. Garcia
=245  10$aGuerra de la Independencia Estudios I /$cJ. Garcia Prado, et. al
=264  \1$a[Place of publication not identified] :$bInstitucion Fernando el Catolico,$c1964
=300  \\$avolume
=336  \\$atext$btxt$2rdacontent
=337  \\$aunmediated$bn$2rdamedia
=338  \\$avolume$bnc$2rdacarrier
=500  \\$aTitle on spreadsheet: "Guerra de la Independencia Estudios I."
=500  \\$aCustom bindings.
=932  2\$aHorward Collection$9LOCAL
=936  1\$aHorward, Donald D.,$edonor$9LOCAL
=949  \\$aFTaSU$bFSUSP$cREVIEW$jI$k1964$9LOCAL

