=LDR  00879nam a2200205Mi 4500
=008  \\\\\\s2008\\\\xx\\\\\\\\\\\\000\0\\\\\d
=040  \\$aFDA$beng$cFDA
=035  \\$a(FSUSCA)Horward_Row_4_Section_7_2344
=049  \\$lHorward_Row_4_Section_7_2344
=110  2\$aComissao de Defesa Nacional da Assembleia da Republica
=245  10$aGuerra Peninsular, Soberanias Atlanticas, Novas Instituicoes /$cComissao de Defesa Nacional da Assembleia da Republica
=264  \1$a[Place of publication not identified] :$bAssembleia da Republica,$c2008
=300  \\$avolume
=336  \\$atext$btxt$2rdacontent
=337  \\$aunmediated$bn$2rdamedia
=338  \\$avolume$bnc$2rdacarrier
=500  \\$aTitle on spreadsheet: "Guerra Peninsular, Soberanias Atlanticas, Novas Instituicoes."
=932  2\$aHorward Collection$9LOCAL
=936  1\$aHorward, Donald D.,$edonor$9LOCAL
=949  \\$aFTaSU$bFSUSP$cREVIEW$9LOCAL

