=LDR  00880nam a2200217Mi 4500
=008  \\\\\\s1892\\\\xx\\\\\\\\\\\\000\0\\\\\d
=040  \\$aFDA$beng$cFDA
=035  \\$a(FSUSCA)Horward_Row_2_Section_3_529
=049  \\$lHorward_Row_2_Section_3_529
=100  1\$aLecomte, Ferdinand
=245  10$aGuerre D'Espagne, Extrait des Souvenirs Inedits du General Jomini (1808-1814) /$cFerdinand Lecomte
=264  \1$a[Place of publication not identified] :$bLibrairie Militaire de L. Baudoin,$c1892
=300  \\$avolume
=336  \\$atext$btxt$2rdacontent
=337  \\$aunmediated$bn$2rdamedia
=338  \\$avolume$bnc$2rdacarrier
=500  \\$aTitle on spreadsheet: "Guerre D'Espagne, Extrait des Souvenirs Inedits du General Jomini (1808-1814)."
=500  \\$aCustom binding.
=932  2\$aHorward Collection$9LOCAL
=936  1\$aHorward, Donald D.,$edonor$9LOCAL
=949  \\$aFTaSU$bFSUSP$cREVIEW$9LOCAL

