=LDR  00740nam a2200205Mi 4500
=008  \\\\\\s1832\\\\xx\\\\\\\\\\\\000\0\\\\\d
=040  \\$aFDA$beng$cFDA
=035  \\$a(FSUSCA)Horward_Row_2_Section_9_1495
=049  \\$lHorward_Row_2_Section_9_1495
=100  1\$ade Jomini, Baron
=245  10$aGuerres de Napoleon - Plans /$cGeneral Baron de Jomini
=264  \1$a[Place of publication not identified] :$bLibrairie Militaire,$c1832
=300  \\$avolume
=336  \\$atext$btxt$2rdacontent
=337  \\$aunmediated$bn$2rdamedia
=338  \\$avolume$bnc$2rdacarrier
=500  \\$aTitle on spreadsheet: "Guerres de Napoleon - Plans."
=932  2\$aHorward Collection$9LOCAL
=936  1\$aHorward, Donald D.,$edonor$9LOCAL
=949  \\$aFTaSU$bFSUSP$cREVIEW$9LOCAL

