=LDR  00877nam a2200229Mi 4500
=008  \\\\\\s1969\\\\xx\\\\\\\\\\\\000\0\\\\\d
=040  \\$aFDA$beng$cFDA
=035  \\$a(FSUSCA)Horward_Row_2_Section_11_1982
=049  \\$lHorward_Row_2_Section_11_1982
=100  1\$aThomas, Daniel H.
=245  10$aGuide to the Diplomatic Archives of Western Europe /$cDaniel H. Thomas and Lynn M. Case
=264  \1$a[Place of publication not identified] :$bUniversity of Pennsylvania Press,$c1969
=300  \\$avolume
=336  \\$atext$btxt$2rdacontent
=337  \\$aunmediated$bn$2rdamedia
=338  \\$avolume$bnc$2rdacarrier
=500  \\$aTitle on spreadsheet: "Guide to the Diplomatic Archives of Western Europe."
=500  \\$aPamphlet in cover.
=700  1\$aCase, Lynn M.
=932  2\$aHorward Collection$9LOCAL
=936  1\$aHorward, Donald D.,$edonor$9LOCAL
=949  \\$aFTaSU$bFSUSP$cREVIEW$9LOCAL

