=LDR  00865nam a2200217Mi 4500
=008  \\\\\\s1969\\\\xx\\\\\\\\\\\\000\0\\\\\d
=040  \\$aFDA$beng$cFDA
=035  \\$a(FSUSCA)Horward_Row_2_Section_11_1924
=049  \\$lHorward_Row_2_Section_11_1924
=100  1\$aSherwig, John M.
=245  10$aGuineas and Gunpowder, British Foreign Aid in the Wars with France, 1793-1815 /$cJohn M. Sherwig
=264  \1$a[Place of publication not identified] :$bHarvard University Press,$c1969
=300  \\$avolume
=336  \\$atext$btxt$2rdacontent
=337  \\$aunmediated$bn$2rdamedia
=338  \\$avolume$bnc$2rdacarrier
=500  \\$aTitle on spreadsheet: "Guineas and Gunpowder: British Foreign Aid in the Wars with France, 1793-1815."
=500  \\$aEphemera.
=932  2\$aHorward Collection$9LOCAL
=936  1\$aHorward, Donald D.,$edonor$9LOCAL
=949  \\$aFTaSU$bFSUSP$cREVIEW$9LOCAL

