=LDR  00773nam a2200205Mi 4500
=008  \\\\\\s1956\\\\xx\\\\\\\\\\\\000\0\\\\\d
=040  \\$aFDA$beng$cFDA
=035  \\$a(FSUSCA)Horward_Row_2_Section_7_1195
=049  \\$lHorward_Row_2_Section_7_1195
=100  1\$aParisot, Magdelaine
=245  10$aHachette World Guides Portugal Madeira, Azores /$cMagdelaine Parisot
=264  \1$a[Place of publication not identified] :$bLibrary Hachette,$c1956
=300  \\$avolume
=336  \\$atext$btxt$2rdacontent
=337  \\$aunmediated$bn$2rdamedia
=338  \\$avolume$bnc$2rdacarrier
=500  \\$aTitle on spreadsheet: "Hachette World Guides Portugal Madeira, Azores."
=932  2\$aHorward Collection$9LOCAL
=936  1\$aHorward, Donald D.,$edonor$9LOCAL
=949  \\$aFTaSU$bFSUSP$cREVIEW$9LOCAL

