=LDR  00899nam a2200205Mi 4500
=008  \\\\\\s2000\\\\xx\\\\\\\\\\\\000\0\\\\\d
=040  \\$aFDA$beng$cFDA
=035  \\$a(FSUSCA)Horward_Row_4_Section_5_2111
=049  \\$lHorward_Row_4_Section_5_2111
=100  1\$aDague, Everett
=245  10$aHenri Clarke, The Ministry of War, and The Evolution of Military Administration During the French First Empire /$cEverett Dague
=264  \1$a[Place of publication not identified] :$bFlorida State University,$c2000
=300  \\$avolume
=336  \\$atext$btxt$2rdacontent
=337  \\$aunmediated$bn$2rdamedia
=338  \\$avolume$bnc$2rdacarrier
=500  \\$aTitle on spreadsheet: "Henri Clarke, The Ministry of War, and The Evolution of Military Administration During the French First Empire."
=932  2\$aHorward Collection$9LOCAL
=936  1\$aHorward, Donald D.,$edonor$9LOCAL
=949  \\$aFTaSU$bFSUSP$cREVIEW$9LOCAL

