=LDR  00767nam a2200205Mi 4500
=008  \\\\\\s1876\\\\xx\\\\\\\\\\\\000\0\\\\\d
=040  \\$aFDA$beng$cFDA
=035  \\$a(FSUSCA)Horward_Row_2_Section_11_1886
=049  \\$lHorward_Row_2_Section_11_1886
=100  1\$aVial, J.
=245  10$aHistoire Abregee des Campagnes Modernes.$nTome 1 (Book 1) /$cJ. Vial
=264  \1$a[Place of publication not identified] :$bJ. Dumaine,$c1876
=300  \\$avolume
=336  \\$atext$btxt$2rdacontent
=337  \\$aunmediated$bn$2rdamedia
=338  \\$avolume$bnc$2rdacarrier
=500  \\$aTitle on spreadsheet: "Histoire Abregee des Campagnes Modernes Tome 1 (Book 1)."
=932  2\$aHorward Collection$9LOCAL
=936  1\$aHorward, Donald D.,$edonor$9LOCAL
=949  \\$aFTaSU$bFSUSP$cREVIEW$9LOCAL

