=LDR  00811nam a2200217Mi 4500
=008  \\\\\\s1869\\\\xx\\\\\\\\\\\\000\0\\\\\d
=040  \\$aFDA$beng$cFDA
=035  \\$a(FSUSCA)Horward_Row_2_Section_2_244
=049  \\$lHorward_Row_2_Section_2_244
=100  1\$aClaretie, Jules
=245  10$aHistoire de L'insurrection de Prairial an III 1795 /$cJules Claretie
=264  \1$a[Place of publication not identified] :$bLibrairie Internationale,$c1869
=300  \\$avolume
=336  \\$atext$btxt$2rdacontent
=337  \\$aunmediated$bn$2rdamedia
=338  \\$avolume$bnc$2rdacarrier
=500  \\$aTitle on spreadsheet: "Histoire de L'insurrection de Prairial an III 1795."
=500  \\$aCustom binding.
=932  2\$aHorward Collection$9LOCAL
=936  1\$aHorward, Donald D.,$edonor$9LOCAL
=949  \\$aFTaSU$bFSUSP$cREVIEW$9LOCAL

