=LDR  00769nam a2200217Mi 4500
=008  \\\\\\s1854\\\\xx\\\\\\\\\\\\000\0\\\\\d
=040  \\$aFDA$beng$cFDA
=035  \\$a(FSUSCA)Horward_Row_2_Section_11_1971
=049  \\$lHorward_Row_2_Section_11_1971
=100  1\$aLe Duc Devalmy, M.
=245  10$aHistoire de la Campagne de 1800 /$cM. Le Duc Devalmy
=264  \1$a[Place of publication not identified] :$bJ. Dumaine,$c1854
=300  \\$avolume
=336  \\$atext$btxt$2rdacontent
=337  \\$aunmediated$bn$2rdamedia
=338  \\$avolume$bnc$2rdacarrier
=500  \\$aTitle on spreadsheet: "Histoire de la Campagne de 1800."
=500  \\$aCustom binding.
=932  2\$aHorward Collection$9LOCAL
=936  1\$aHorward, Donald D.,$edonor$9LOCAL
=949  \\$aFTaSU$bFSUSP$cREVIEW$9LOCAL

