=LDR  00794nam a2200205Mi 4500
=008  \\\\\\s1970\\\\xx\\\\\\\\\\\\000\0\\\\\d
=040  \\$aFDA$beng$cFDA
=035  \\$a(FSUSCA)Horward_Row_2_Section_3_370
=049  \\$lHorward_Row_2_Section_3_370
=100  1\$aDornic, Francois
=245  10$aHistoire de la France, La France de la Revolution, 1789-1799 /$cFrancois Dornic
=264  \1$a[Place of publication not identified] :$bDenoel Publishing,$c1970
=300  \\$avolume
=336  \\$atext$btxt$2rdacontent
=337  \\$aunmediated$bn$2rdamedia
=338  \\$avolume$bnc$2rdacarrier
=500  \\$aTitle on spreadsheet: "Histoire de la France: La France de la Revolution, 1789-1799."
=932  2\$aHorward Collection$9LOCAL
=936  1\$aHorward, Donald D.,$edonor$9LOCAL
=949  \\$aFTaSU$bFSUSP$cREVIEW$9LOCAL

