=LDR  00809nam a2200229Mi 4500
=008  \\\\\\s1865\\\\xx\\\\\\\\\\\\000\0\\\\\d
=040  \\$aFDA$beng$cFDA
=035  \\$a(FSUSCA)Horward_Row_2_Section_6_964
=049  \\$lHorward_Row_2_Section_6_964
=100  1\$aThiers, M. A.
=245  10$aHistoire de la Revolution Francaise /$cM. A. Thiers
=264  \1$a[Place of publication not identified] :$bFurne et cie Libraires-editeurs,$c1865
=300  \\$avolume
=336  \\$atext$btxt$2rdacontent
=337  \\$aunmediated$bn$2rdamedia
=338  \\$avolume$bnc$2rdacarrier
=500  \\$aTitle on spreadsheet: "Histoire de la Revolution Francaise."
=500  \\$aCustom binding.
=500  \\$aStamped.
=932  2\$aHorward Collection$9LOCAL
=936  1\$aHorward, Donald D.,$edonor$9LOCAL
=949  \\$aFTaSU$bFSUSP$cREVIEW$9LOCAL

