=LDR  00728nam a2200205Mi 4500
=008  \\\\\\s1864\\\\xx\\\\\\\\\\\\000\0\\\\\d
=040  \\$aFDA$beng$cFDA
=035  \\$a(FSUSCA)Horward_Row_2_Section_2_311
=049  \\$lHorward_Row_2_Section_2_311
=100  1\$aAmic, Auguste
=245  10$aHistoire de Massena /$cAuguste Amic
=264  \1$a[Place of publication not identified] :$bLibraire de La Societe des Gens Lettres,$c1864
=300  \\$avolume
=336  \\$atext$btxt$2rdacontent
=337  \\$aunmediated$bn$2rdamedia
=338  \\$avolume$bnc$2rdacarrier
=500  \\$aTitle on spreadsheet: "Histoire de Massena."
=932  2\$aHorward Collection$9LOCAL
=936  1\$aHorward, Donald D.,$edonor$9LOCAL
=949  \\$aFTaSU$bFSUSP$cREVIEW$9LOCAL

