=LDR  00825nam a2200217Mi 4500
=008  \\\\\\s1816\\\\xx\\\\\\\\\\\\000\0\\\\\d
=040  \\$aFDA$beng$cFDA
=035  \\$a(FSUSCA)Horward_Row_2_Section_4_583
=049  \\$lHorward_Row_2_Section_4_583
=100  1\$ade Beauchamp, Alphonse
=245  10$aHistoire Descampagnes de 1814 et de 1815.$nVolume 2 /$cM. Alphonse de Beauchamp
=264  \1$a[Place of publication not identified] :$bLe Normant, Imprimeur-Libraire,$c1816
=300  \\$avolume
=336  \\$atext$btxt$2rdacontent
=337  \\$aunmediated$bn$2rdamedia
=338  \\$avolume$bnc$2rdacarrier
=500  \\$aTitle on spreadsheet: "Histoire Descampagnes de 1814 et de 1815."
=500  \\$aCustom binding.
=932  2\$aHorward Collection$9LOCAL
=936  1\$aHorward, Donald D.,$edonor$9LOCAL
=949  \\$aFTaSU$bFSUSP$cREVIEW$9LOCAL

