=LDR  00840nam a2200229Mi 4500
=008  \\\\\\s1987\\\\xx\\\\\\\\\\\\000\0\\\\\d
=040  \\$aFDA$beng$cFDA
=035  \\$a(FSUSCA)Horward_Row_2_Section_1_92
=049  \\$lHorward_Row_2_Section_1_92
=100  1\$aTulard, J.
=245  10$aHistoire et dictionnaire de la Revolution francaise /$cTulard, J., Fayard, J.F., and Fierro, A.
=264  \1$a[Place of publication not identified] :$bBouquins,$c1987
=300  \\$avolume
=336  \\$atext$btxt$2rdacontent
=337  \\$aunmediated$bn$2rdamedia
=338  \\$avolume$bnc$2rdacarrier
=500  \\$aTitle on spreadsheet: "Histoire et dictionnaire de la Revolution francaise."
=700  1\$aFayard, J.F.
=700  1\$aFierro, A.
=932  2\$aHorward Collection$9LOCAL
=936  1\$aHorward, Donald D.,$edonor$9LOCAL
=949  \\$aFTaSU$bFSUSP$cREVIEW$9LOCAL

