=LDR  00813nam a2200217Mi 4500
=008  \\\\\\s1913\\\\xx\\\\\\\\\\\\000\0\\\\\d
=040  \\$aFDA$beng$cFDA
=035  \\$a(FSUSCA)Horward_Row_2_Section_4_575
=049  \\$lHorward_Row_2_Section_4_575
=100  1\$aGachot, Edouard
=245  10$aHistoire Militaire de Massena 1809 Napoleon en Allemagne /$cEdouard Gachot
=264  \1$a[Place of publication not identified] :$bLibrairie Plon,$c1913
=300  \\$avolume
=336  \\$atext$btxt$2rdacontent
=337  \\$aunmediated$bn$2rdamedia
=338  \\$avolume$bnc$2rdacarrier
=500  \\$aTitle on spreadsheet: "Histoire Militaire de Massena 1809 Napoleon en Allemagne."
=500  \\$aCustom binding.
=932  2\$aHorward Collection$9LOCAL
=936  1\$aHorward, Donald D.,$edonor$9LOCAL
=949  \\$aFTaSU$bFSUSP$cREVIEW$9LOCAL

