=LDR  00765nam a2200205Mi 4500
=008  \\\\\\s1980\\\\xx\\\\\\\\\\\\000\0\\\\\d
=040  \\$aFDA$beng$cFDA
=035  \\$a(FSUSCA)Horward_Row_2_Section_8_1367
=049  \\$lHorward_Row_2_Section_8_1367
=100  1\$aBlazquez Polo, Alejandro
=245  10$aHistoria de la Villa de Fuenteguinaldo /$cAlejandro Blazquez Polo
=264  \1$a[Place of publication not identified] :$bFuentefuinaldo,$c1980
=300  \\$avolume
=336  \\$atext$btxt$2rdacontent
=337  \\$aunmediated$bn$2rdamedia
=338  \\$avolume$bnc$2rdacarrier
=500  \\$aTitle on spreadsheet: "Historia de la Villa de Fuenteguinaldo."
=932  2\$aHorward Collection$9LOCAL
=936  1\$aHorward, Donald D.,$edonor$9LOCAL
=949  \\$aFTaSU$bFSUSP$cREVIEW$9LOCAL

