=LDR  00770nam a2200205Mi 4500
=008  \\\\\\s1915\\\\xx\\\\\\\\\\\\000\0\\\\\d
=040  \\$aFDA$beng$cFDA
=035  \\$a(FSUSCA)Horward_Row_2_Section_11_1990
=049  \\$lHorward_Row_2_Section_11_1990
=100  1\$aTeixeira Botelho, J. J.
=245  10$aHistoria Popular da Guerra da Peninsula /$cJ. J. Teixeira Botelho
=264  \1$a[Place of publication not identified] :$bLivraria Chardron,$c1915
=300  \\$avolume
=336  \\$atext$btxt$2rdacontent
=337  \\$aunmediated$bn$2rdamedia
=338  \\$avolume$bnc$2rdacarrier
=500  \\$aTitle on spreadsheet: "Historia Popular da Guerra da Peninsula."
=932  2\$aHorward Collection$9LOCAL
=936  1\$aHorward, Donald D.,$edonor$9LOCAL
=949  \\$aFTaSU$bFSUSP$cREVIEW$9LOCAL

