=LDR  00790nam a2200229Mi 4500
=008  \\\\\\s1974\\\\xx\\\\\\\\\\\\000\0\\\\\d
=040  \\$aFDA$beng$cFDA
=035  \\$a(FSUSCA)Horward_Row_2_Section_9_1500
=049  \\$lHorward_Row_2_Section_9_1500
=100  1\$aNew, John
=245  10$aHistorical Reflections /$cJohn New and Gilman Ostrander
=250  \\$aVol 1-2
=264  \1$a[Place of publication not identified] :$bUniversity of Waterloo,$c1974
=300  \\$avolume
=336  \\$atext$btxt$2rdacontent
=337  \\$aunmediated$bn$2rdamedia
=338  \\$avolume$bnc$2rdacarrier
=500  \\$aTitle on spreadsheet: "Historical Reflections."
=700  1\$aOstrander, Gilman
=932  2\$aHorward Collection$9LOCAL
=936  1\$aHorward, Donald D.,$edonor$9LOCAL
=949  \\$aFTaSU$bFSUSP$cREVIEW$9LOCAL

