=LDR  00722nam a2200205Mi 4500
=008  \\\\\\s1918\\\\xx\\\\\\\\\\\\000\0\\\\\d
=040  \\$aFDA$beng$cFDA
=035  \\$a(FSUSCA)Horward_Row_2_Section_3_376
=049  \\$lHorward_Row_2_Section_3_376
=100  1\$aPubgers, F. W.
=245  10$aHistorischer Schul-Atlas /$cF. W. Pubgers
=264  \1$a[Place of publication not identified] :$bBielefeld and Leipzig,$c1918
=300  \\$avolume
=336  \\$atext$btxt$2rdacontent
=337  \\$aunmediated$bn$2rdamedia
=338  \\$avolume$bnc$2rdacarrier
=500  \\$aTitle on spreadsheet: "Historischer Schul-Atlas."
=932  2\$aHorward Collection$9LOCAL
=936  1\$aHorward, Donald D.,$edonor$9LOCAL
=949  \\$aFTaSU$bFSUSP$cREVIEW$9LOCAL

