=LDR  00801nam a2200217Mi 4500
=008  \\\\\\s1883\\\\xx\\\\\\\\\\\\000\0\\\\\d
=040  \\$aFDA$beng$cFDA
=035  \\$a(FSUSCA)Horward_Row_2_Section_2_347
=049  \\$lHorward_Row_2_Section_2_347
=100  1\$aAbbott, John S.
=245  14$aThe History of Napoelon.$nVolume 2 /$cJohn S. Abbott
=264  \1$a[Place of publication not identified] :$bHarper and Brothers, Publishers,$c1883
=300  \\$avolume
=336  \\$atext$btxt$2rdacontent
=337  \\$aunmediated$bn$2rdamedia
=338  \\$avolume$bnc$2rdacarrier
=500  \\$aTitle on spreadsheet: "The History of Napoelon Volume 2."
=500  \\$aThe History of Napoelon Volume 2
=932  2\$aHorward Collection$9LOCAL
=936  1\$aHorward, Donald D.,$edonor$9LOCAL
=949  \\$aFTaSU$bFSUSP$cREVIEW$9LOCAL

