=LDR  00758nam a2200205Mi 4500
=008  \\\\\\s1855\\\\xx\\\\\\\\\\\\000\0\\\\\d
=040  \\$aFDA$beng$cFDA
=035  \\$a(FSUSCA)Horward_Row_2_Section_2_349
=049  \\$lHorward_Row_2_Section_2_349
=100  1\$aAbbott, John S. C.
=245  14$aThe History of Napoleon Bonaparte /$cJohn S. C. Abbott
=264  \1$a[Place of publication not identified] :$bHarper and Brothers, Publishers,$c1855
=300  \\$avolume
=336  \\$atext$btxt$2rdacontent
=337  \\$aunmediated$bn$2rdamedia
=338  \\$avolume$bnc$2rdacarrier
=500  \\$aTitle on spreadsheet: "The History of Napoleon Bonaparte."
=932  2\$aHorward Collection$9LOCAL
=936  1\$aHorward, Donald D.,$edonor$9LOCAL
=949  \\$aFTaSU$bFSUSP$cREVIEW$9LOCAL

