=LDR  00730nam a2200205Mi 4500
=008  \\\\\\s1881\\\\xx\\\\\\\\\\\\000\0\\\\\d
=040  \\$aFDA$beng$cFDA
=035  \\$a(FSUSCA)Horward_Row_4_Section_7_2503
=049  \\$lHorward_Row_4_Section_7_2503
=100  1\$aDe Puy, Henry W.
=245  10$aHistory of Napoleon Bonaparte /$cHenry W. De Puy
=264  \1$a[Place of publication not identified] :$bHurst and Co.,$c1881
=300  \\$avolume
=336  \\$atext$btxt$2rdacontent
=337  \\$aunmediated$bn$2rdamedia
=338  \\$avolume$bnc$2rdacarrier
=500  \\$aTitle on spreadsheet: "History of Napoleon Bonaparte."
=932  2\$aHorward Collection$9LOCAL
=936  1\$aHorward, Donald D.,$edonor$9LOCAL
=949  \\$aFTaSU$bFSUSP$cREVIEW$9LOCAL

