=LDR  00770nam a2200217Mi 4500
=008  \\\\\\s1970\\\\xx\\\\\\\\\\\\000\0\\\\\d
=040  \\$aFDA$beng$cFDA
=035  \\$a(FSUSCA)Horward_Row_2_Section_7_1085
=049  \\$lHorward_Row_2_Section_7_1085
=100  1\$aYoung, Peter
=245  10$aHistory of the British Army /$cPeter Young and J.P. Lawford
=264  \1$a[Place of publication not identified] :$bG.P. Putnam's Sons,$c1970
=300  \\$avolume
=336  \\$atext$btxt$2rdacontent
=337  \\$aunmediated$bn$2rdamedia
=338  \\$avolume$bnc$2rdacarrier
=500  \\$aTitle on spreadsheet: "History of the British Army."
=700  1\$aLawford, J.P.
=932  2\$aHorward Collection$9LOCAL
=936  1\$aHorward, Donald D.,$edonor$9LOCAL
=949  \\$aFTaSU$bFSUSP$cREVIEW$9LOCAL

