=LDR  00739nam a2200205Mi 4500
=008  \\\\\\s1899\\\\xx\\\\\\\\\\\\000\0\\\\\d
=040  \\$aFDA$beng$cFDA
=035  \\$a(FSUSCA)Horward_Row_2_Section_9_1479
=049  \\$lHorward_Row_2_Section_9_1479
=100  1\$aFortescue, J.W.
=245  10$aHistory of the British Army.$nVol 6 /$cHon J.W. Fortescue
=264  \1$a[Place of publication not identified] :$bMacmillan and Co,$c1899
=300  \\$avolume
=336  \\$atext$btxt$2rdacontent
=337  \\$aunmediated$bn$2rdamedia
=338  \\$avolume$bnc$2rdacarrier
=500  \\$aTitle on spreadsheet: "History of the British Army."
=932  2\$aHorward Collection$9LOCAL
=936  1\$aHorward, Donald D.,$edonor$9LOCAL
=949  \\$aFTaSU$bFSUSP$cREVIEW$9LOCAL

