=LDR  00755nam a2200205Mi 4500
=008  \\\\\\s1951\\\\xx\\\\\\\\\\\\000\0\\\\\d
=040  \\$aFDA$beng$cFDA
=035  \\$a(FSUSCA)Horward_Row_2_Section_9_1580
=049  \\$lHorward_Row_2_Section_9_1580
=100  1\$aPorter, W.
=245  14$aThe History of the Corp of Royal Engineers.$nVol 1 /$cW. Porter
=264  \1$a[Place of publication not identified] :$bJarrold and Sons,$c1951
=300  \\$avolume
=336  \\$atext$btxt$2rdacontent
=337  \\$aunmediated$bn$2rdamedia
=338  \\$avolume$bnc$2rdacarrier
=500  \\$aTitle on spreadsheet: "The History of the Corp of Royal Engineers."
=932  2\$aHorward Collection$9LOCAL
=936  1\$aHorward, Donald D.,$edonor$9LOCAL
=949  \\$aFTaSU$bFSUSP$cREVIEW$9LOCAL

