=LDR  00828nam a2200205Mi 4500
=008  \\\\\\s1957\\\\xx\\\\\\\\\\\\000\0\\\\\d
=040  \\$aFDA$beng$cFDA
=035  \\$a(FSUSCA)Horward_Row_2_Section_10_1706
=049  \\$lHorward_Row_2_Section_10_1706
=100  1\$aChurchill, Winston
=245  10$aHistory of the English Speaking Peoples.$nVol. 3,$pThe Age of Revolution /$cWinston Churchill
=264  \1$a[Place of publication not identified] :$bDodd, Mead, and co.,$c1957
=300  \\$avolume
=336  \\$atext$btxt$2rdacontent
=337  \\$aunmediated$bn$2rdamedia
=338  \\$avolume$bnc$2rdacarrier
=500  \\$aTitle on spreadsheet: "A History of the English Speaking Peoples, Vol. 3: The Age of Revolution."
=932  2\$aHorward Collection$9LOCAL
=936  1\$aHorward, Donald D.,$edonor$9LOCAL
=949  \\$aFTaSU$bFSUSP$cREVIEW$9LOCAL

