=LDR  00840nam a2200205Mi 4500
=008  \\\\\\suuuu\\\\xx\\\\\\\\\\\\000\0\\\\\d
=040  \\$aFDA$beng$cFDA
=035  \\$a(FSUSCA)Horward_Row_2_Section_6_1062
=049  \\$lHorward_Row_2_Section_6_1062
=100  1\$aWylly, H. C.
=245  10$aHistory of the King's Own Yorkshire Light Infantry.$nVol. I /$cColonel H. C. Wylly
=264  \1$a[Place of publication not identified] :$bPercy, Lund, Humphries and Co.,$c[date of publication not identified]
=300  \\$avolume
=336  \\$atext$btxt$2rdacontent
=337  \\$aunmediated$bn$2rdamedia
=338  \\$avolume$bnc$2rdacarrier
=500  \\$aTitle on spreadsheet: "A History of the King's Own Yorkshire Light Infantry, Vol. I."
=932  2\$aHorward Collection$9LOCAL
=936  1\$aHorward, Donald D.,$edonor$9LOCAL
=949  \\$aFTaSU$bFSUSP$cREVIEW$9LOCAL

