=LDR  00745nam a2200205Mi 4500
=008  \\\\\\s1911\\\\xx\\\\\\\\\\\\000\0\\\\\d
=040  \\$aFDA$beng$cFDA
=035  \\$a(FSUSCA)Horward_Row_2_Section_6_901
=049  \\$lHorward_Row_2_Section_6_901
=100  1\$aOman, Charles
=245  10$aHistory of the Peninsular War.$nVol. IV /$cCharles Oman
=264  \1$a[Place of publication not identified] :$bClarendon Press,$c1911
=300  \\$avolume
=336  \\$atext$btxt$2rdacontent
=337  \\$aunmediated$bn$2rdamedia
=338  \\$avolume$bnc$2rdacarrier
=500  \\$aTitle on spreadsheet: "A History of the Peninsular War, Vol. IV."
=932  2\$aHorward Collection$9LOCAL
=936  1\$aHorward, Donald D.,$edonor$9LOCAL
=949  \\$aFTaSU$bFSUSP$cREVIEW$9LOCAL

