=LDR  00893nam a2200217Mi 4500
=008  \\\\\\s1827\\\\xx\\\\\\\\\\\\000\0\\\\\d
=040  \\$aFDA$beng$cFDA
=035  \\$a(FSUSCA)Horward_Row_2_Section_2_280
=049  \\$lHorward_Row_2_Section_2_280
=100  1\$aFoy, General
=245  10$aHistory of the War in the Peninsula, Under Napoleon; to which is prefixed A View of the Political... /$cGeneral Foy
=264  \1$a[Place of publication not identified] :$bCountess Foy,$c1827
=300  \\$avolume
=336  \\$atext$btxt$2rdacontent
=337  \\$aunmediated$bn$2rdamedia
=338  \\$avolume$bnc$2rdacarrier
=500  \\$aTitle on spreadsheet: "History of the War in the Peninsula, Under Napoleon; to which is prefixed A View of the Political...."
=500  \\$aCustom binding.
=932  2\$aHorward Collection$9LOCAL
=936  1\$aHorward, Donald D.,$edonor$9LOCAL
=949  \\$aFTaSU$bFSUSP$cREVIEW$9LOCAL

