=LDR  00791nam a2200217Mi 4500
=008  \\\\\\s1947\\\\xx\\\\\\\\\\\\000\0\\\\\d
=040  \\$aFDA$beng$cFDA
=035  \\$a(FSUSCA)Horward_Row_2_Section_2_251
=049  \\$lHorward_Row_2_Section_2_251
=100  1\$aFabre, Marc-Andre
=245  10$aHoche L'Enfant de la Victoire 1768 - 1797 /$cMarc-Andre Fabre
=264  \1$a[Place of publication not identified] :$bLibrairie Hachette,$c1947
=300  \\$avolume
=336  \\$atext$btxt$2rdacontent
=337  \\$aunmediated$bn$2rdamedia
=338  \\$avolume$bnc$2rdacarrier
=500  \\$aTitle on spreadsheet: "Hoche L'Enfant de la Victoire 1768 - 1797."
=500  \\$aCustom binding.
=932  2\$aHorward Collection$9LOCAL
=936  1\$aHorward, Donald D.,$edonor$9LOCAL
=949  \\$aFTaSU$bFSUSP$cREVIEW$9LOCAL

