=LDR  00750nam a2200205Mi 4500
=008  \\\\\\s1981\\\\xx\\\\\\\\\\\\000\0\\\\\d
=040  \\$aFDA$beng$cFDA
=035  \\$a(FSUSCA)Horward_Row_4_Section_5_2081
=049  \\$lHorward_Row_4_Section_5_2081
=100  1\$aClavreuil, Pierre
=245  10$aHorace Sebastiani Soldat Et Notable /$cPierre Clavreuil
=264  \1$a[Place of publication not identified] :$bUniversity of Paris,$c1981
=300  \\$avolume
=336  \\$atext$btxt$2rdacontent
=337  \\$aunmediated$bn$2rdamedia
=338  \\$avolume$bnc$2rdacarrier
=500  \\$aTitle on spreadsheet: "Horace Sebastiani Soldat Et Notable."
=932  2\$aHorward Collection$9LOCAL
=936  1\$aHorward, Donald D.,$edonor$9LOCAL
=949  \\$aFTaSU$bFSUSP$cREVIEW$9LOCAL

