=LDR  00748nam a2200205Mi 4500
=008  \\\\\\s1949\\\\xx\\\\\\\\\\\\000\0\\\\\d
=040  \\$aFDA$beng$cFDA
=035  \\$a(FSUSCA)Horward_Row_2_Section_8_1303
=049  \\$lHorward_Row_2_Section_8_1303
=100  1\$aGrenfell, Russell
=245  10$aHoratio Nelson A Short Biography /$cCaptain Russell Grenfell
=264  \1$a[Place of publication not identified] :$bFaber and Faber,$c1949
=300  \\$avolume
=336  \\$atext$btxt$2rdacontent
=337  \\$aunmediated$bn$2rdamedia
=338  \\$avolume$bnc$2rdacarrier
=500  \\$aTitle on spreadsheet: "Horatio Nelson A Short Biography."
=932  2\$aHorward Collection$9LOCAL
=936  1\$aHorward, Donald D.,$edonor$9LOCAL
=949  \\$aFTaSU$bFSUSP$cREVIEW$9LOCAL

