=LDR  00817nam a2200205Mi 4500
=008  \\\\\\s1964\\\\xx\\\\\\\\\\\\000\0\\\\\d
=040  \\$aFDA$beng$cFDA
=035  \\$a(FSUSCA)Horward_Row_4_Section_7_2469
=049  \\$lHorward_Row_4_Section_7_2469
=100  1\$aBrett-James, Antony
=245  14$aThe Hundred Days, Napoleon's Last Campaign from Eyewitness Accounts /$cAntony Brett-James
=264  \1$a[Place of publication not identified] :$bSt. Martin's Press,$c1964
=300  \\$avolume
=336  \\$atext$btxt$2rdacontent
=337  \\$aunmediated$bn$2rdamedia
=338  \\$avolume$bnc$2rdacarrier
=500  \\$aTitle on spreadsheet: "The Hundred Days: Napoleon's Last Campaign from Eyewitness Accounts."
=932  2\$aHorward Collection$9LOCAL
=936  1\$aHorward, Donald D.,$edonor$9LOCAL
=949  \\$aFTaSU$bFSUSP$cREVIEW$9LOCAL

