=LDR  00881nam a2200217Mi 4500
=008  \\\\\\s2002\\\\xx\\\\\\\\\\\\000\0\\\\\d
=040  \\$aFDA$beng$cFDA
=035  \\$a(FSUSCA)Horward_Row_2_Section_11_1967
=049  \\$lHorward_Row_2_Section_11_1967
=100  1\$aTroubetzkoy, Alexis S.
=245  10$aImperial Legend, The Mysterious Disappearance of Alexander I /$cAlexis S. Troubetzkoy
=264  \1$a[Place of publication not identified] :$bArcade Publishing,$c2002
=300  \\$avolume
=336  \\$atext$btxt$2rdacontent
=337  \\$aunmediated$bn$2rdamedia
=338  \\$avolume$bnc$2rdacarrier
=500  \\$aTitle on spreadsheet: "Imperial Legend: The Mysterious Disappearance of Alexander I."
=500  \\$aCorrespondence between Jean Seaver and Donald Horward.
=932  2\$aHorward Collection$9LOCAL
=936  1\$aHorward, Donald D.,$edonor$9LOCAL
=949  \\$aFTaSU$bFSUSP$cREVIEW$9LOCAL

