=LDR  00827nam a2200217Mi 4500
=008  \\\\\\s1839\\\\xx\\\\\\\\\\\\000\0\\\\\d
=040  \\$aFDA$beng$cFDA
=035  \\$a(FSUSCA)Horward_Row_4_Section_6_2309
=049  \\$lHorward_Row_4_Section_6_2309
=100  1\$aLieutenant Colonel Gurwood
=245  14$aThe Index to the Dispatches of Field Marshal the Duke of Wellington
=264  \1$a[Place of publication not identified] :$bJohn Murray,$c1839
=300  \\$avolume
=336  \\$atext$btxt$2rdacontent
=337  \\$aunmediated$bn$2rdamedia
=338  \\$avolume$bnc$2rdacarrier
=500  \\$aTitle on spreadsheet: "The Index to the Dispatches of Field Marshal the Duke of Wellington."
=500  \\$aCustom binding.
=932  2\$aHorward Collection$9LOCAL
=936  1\$aHorward, Donald D.,$edonor$9LOCAL
=949  \\$aFTaSU$bFSUSP$cREVIEW$9LOCAL

