=LDR  00751nam a2200205Mi 4500
=008  \\\\\\s1991\\\\xx\\\\\\\\\\\\000\0\\\\\d
=040  \\$aFDA$beng$cFDA
=035  \\$a(FSUSCA)Horward_Row_2_Section_11_1842
=049  \\$lHorward_Row_2_Section_11_1842
=100  1\$aRadkai, Marton
=245  10$aInsight Guides, Hungary /$cgeneral editing and updating by Marton Radkai
=264  \1$a[Place of publication not identified] :$bAPA Publications,$c1991
=300  \\$avolume
=336  \\$atext$btxt$2rdacontent
=337  \\$aunmediated$bn$2rdamedia
=338  \\$avolume$bnc$2rdacarrier
=500  \\$aTitle on spreadsheet: "Insight Guides: Hungary."
=932  2\$aHorward Collection$9LOCAL
=936  1\$aHorward, Donald D.,$edonor$9LOCAL
=949  \\$aFTaSU$bFSUSP$cREVIEW$9LOCAL

