=LDR  00864nam a2200241Mi 4500
=008  \\\\\\s1904\\\\xx\\\\\\\\\\\\000\0\\\\\d
=040  \\$aFDA$beng$cFDA
=035  \\$a(FSUSCA)Horward_Row_2_Section_3_510
=049  \\$lHorward_Row_2_Section_3_510
=100  1\$aRolica
=245  10$aInvasoes Francesas em Portugal.$nVols. I and II /$cRolica e Vimeiro
=264  \1$a[Place of publication not identified] :$bLisboa,$c1904
=300  \\$avolume
=336  \\$atext$btxt$2rdacontent
=337  \\$aunmediated$bn$2rdamedia
=338  \\$avolume$bnc$2rdacarrier
=500  \\$aTitle on spreadsheet: "Invasoes Francesas em Portugal Vols. I and II."
=500  \\$aCustom binding.
=500  \\$aInvasoes Francesas em Portugal Vols. I and II
=700  1\$aVimeiro
=932  2\$aHorward Collection$9LOCAL
=936  1\$aHorward, Donald D.,$edonor$9LOCAL
=949  \\$aFTaSU$bFSUSP$cREVIEW$9LOCAL

