=LDR  00779nam a2200205Mi 4500
=008  \\\\\\s1992\\\\xx\\\\\\\\\\\\000\0\\\\\d
=040  \\$aFDA$beng$cFDA
=035  \\$a(FSUSCA)Horward_Row_4_Section_6_2164
=049  \\$lHorward_Row_4_Section_6_2164
=100  1\$aJames, Lawrence
=245  14$aThe Iron Duke, A Military Biography of Wellington /$cLawrence James
=264  \1$a[Place of publication not identified] :$bWeidenfeld and Nicholson,$c1992
=300  \\$avolume
=336  \\$atext$btxt$2rdacontent
=337  \\$aunmediated$bn$2rdamedia
=338  \\$avolume$bnc$2rdacarrier
=500  \\$aTitle on spreadsheet: "The Iron Duke: A Military Biography of Wellington."
=932  2\$aHorward Collection$9LOCAL
=936  1\$aHorward, Donald D.,$edonor$9LOCAL
=949  \\$aFTaSU$bFSUSP$cREVIEW$9LOCAL

