=LDR  00767nam a2200217Mi 4500
=008  \\\\\\s1892\\\\xx\\\\\\\\\\\\000\0\\\\\d
=040  \\$aFDA$beng$cFDA
=035  \\$a(FSUSCA)Horward_Row_4_Section_7_2388
=049  \\$lHorward_Row_4_Section_7_2388
=100  1\$aBaedeker, Karl
=245  10$aItaly, A Handbook for Travelers /$cKarl Baedeker
=250  \\$aNinth
=264  \1$a[Place of publication not identified] :$bKarl Baedeker, Dulau and Co.,$c1892
=300  \\$avolume
=336  \\$atext$btxt$2rdacontent
=337  \\$aunmediated$bn$2rdamedia
=338  \\$avolume$bnc$2rdacarrier
=500  \\$aTitle on spreadsheet: "Italy: A Handbook for Travelers."
=932  2\$aHorward Collection$9LOCAL
=936  1\$aHorward, Donald D.,$edonor$9LOCAL
=949  \\$aFTaSU$bFSUSP$cREVIEW$9LOCAL

