=LDR  00755nam a2200205Mi 4500
=008  \\\\\\s1845\\\\xx\\\\\\\\\\\\000\0\\\\\d
=040  \\$aFDA$beng$cFDA
=035  \\$a(FSUSCA)Horward_Row_2_Section_2_187
=049  \\$lHorward_Row_2_Section_2_187
=100  1\$aPerrot, Michel
=245  10$aItineraire Feneral de Napoleon, Chronologi /$cMichel Perrot
=264  \1$a[Place of publication not identified] :$bGalerie Vero-Dodat,$c1845
=300  \\$avolume
=336  \\$atext$btxt$2rdacontent
=337  \\$aunmediated$bn$2rdamedia
=338  \\$avolume$bnc$2rdacarrier
=500  \\$aTitle on spreadsheet: "Itineraire Feneral de Napoleon, Chronologi."
=932  2\$aHorward Collection$9LOCAL
=936  1\$aHorward, Donald D.,$edonor$9LOCAL
=949  \\$aFTaSU$bFSUSP$cREVIEW$9LOCAL

