=LDR  00809nam a2200205Mi 4500
=008  \\\\\\s1971\\\\xx\\\\\\\\\\\\000\0\\\\\d
=040  \\$aFDA$beng$cFDA
=035  \\$a(FSUSCA)Horward_Row_2_Section_10_1808
=049  \\$lHorward_Row_2_Section_10_1808
=100  1\$aHoman, Gerlof D.
=245  10$aJean-Francois Reubell, French Revolutionary, Patriot, and Director /$cGerlof D. Homan
=264  \1$a[Place of publication not identified] :$bMartinus Nijhoff,$c1971
=300  \\$avolume
=336  \\$atext$btxt$2rdacontent
=337  \\$aunmediated$bn$2rdamedia
=338  \\$avolume$bnc$2rdacarrier
=500  \\$aTitle on spreadsheet: "Jean-Francois Reubell: French Revolutionary, Patriot, and Director."
=932  2\$aHorward Collection$9LOCAL
=936  1\$aHorward, Donald D.,$edonor$9LOCAL
=949  \\$aFTaSU$bFSUSP$cREVIEW$9LOCAL

