=LDR  00791nam a2200205Mi 4500
=008  \\\\\\s1980\\\\xx\\\\\\\\\\\\000\0\\\\\d
=040  \\$aFDA$beng$cFDA
=035  \\$a(FSUSCA)Horward_Row_2_Section_12_2031
=049  \\$lHorward_Row_2_Section_12_2031
=100  1\$aBrewton, Timothy Andrew
=245  10$aJean-Henri Voulland in the National Convention /$cTimothy Andrew Brewton
=264  \1$a[Place of publication not identified] :$bFlorida State University,$c1980
=300  \\$avolume
=336  \\$atext$btxt$2rdacontent
=337  \\$aunmediated$bn$2rdamedia
=338  \\$avolume$bnc$2rdacarrier
=500  \\$aTitle on spreadsheet: "Jean-Henri Voulland in the National Convention."
=932  2\$aHorward Collection$9LOCAL
=936  1\$aHorward, Donald D.,$edonor$9LOCAL
=949  \\$aFTaSU$bFSUSP$cREVIEW$9LOCAL

