=LDR  00899nam a2200217Mi 4500
=008  \\\\\\s1963\\\\xx\\\\\\\\\\\\000\0\\\\\d
=040  \\$aFDA$beng$cFDA
=035  \\$a(FSUSCA)Horward_Row_2_Section_2_324
=049  \\$lHorward_Row_2_Section_2_324
=110  2\$aSocietes des Etudes Robespierristes
=245  10$aJean-Jacques Rousseau (1712-1778), Pour le 250 anniversaire de sa naissance /$cSocietes des Etudes Robespierristes
=264  \1$a[Place of publication not identified] :$bImprimerie Louis-Jean,$c1963
=300  \\$avolume
=336  \\$atext$btxt$2rdacontent
=337  \\$aunmediated$bn$2rdamedia
=338  \\$avolume$bnc$2rdacarrier
=500  \\$aTitle on spreadsheet: "Jean-Jacques Rousseau (1712-1778): Pour le 250 anniversaire de sa naissance."
=500  \\$aCustom binding.
=932  2\$aHorward Collection$9LOCAL
=936  1\$aHorward, Donald D.,$edonor$9LOCAL
=949  \\$aFTaSU$bFSUSP$cREVIEW$9LOCAL

