=LDR  00748nam a2200205Mi 4500
=008  \\\\\\s1972\\\\xx\\\\\\\\\\\\000\0\\\\\d
=040  \\$aFDA$beng$cFDA
=035  \\$a(FSUSCA)Horward_Row_4_Section_7_2479
=049  \\$lHorward_Row_4_Section_7_2479
=100  1\$ade Beer, Gavin
=245  10$aJean-Jacques Rousseau and His World /$cSir Gavin de Beer
=264  \1$a[Place of publication not identified] :$bG. P. Putnam's Sons,$c1972
=300  \\$avolume
=336  \\$atext$btxt$2rdacontent
=337  \\$aunmediated$bn$2rdamedia
=338  \\$avolume$bnc$2rdacarrier
=500  \\$aTitle on spreadsheet: "Jean-Jacques Rousseau and His World."
=932  2\$aHorward Collection$9LOCAL
=936  1\$aHorward, Donald D.,$edonor$9LOCAL
=949  \\$aFTaSU$bFSUSP$cREVIEW$9LOCAL

