=LDR  00903nam a2200229Mi 4500
=008  \\\\\\s1974\\\\xx\\\\\\\\\\\\000\0\\\\\d
=040  \\$aFDA$beng$cFDA
=035  \\$a(FSUSCA)Horward_Row_2_Section_3_374
=049  \\$lHorward_Row_2_Section_3_374
=100  1\$aBritt, Albert S. III
=245  10$aJena Campaign Studies.$nVolume I /$cLTC Albert S. Britt, III
=264  \1$a[Place of publication not identified] :$bUnited States Military Department of History,$c1974
=300  \\$avolume
=336  \\$atext$btxt$2rdacontent
=337  \\$aunmediated$bn$2rdamedia
=338  \\$avolume$bnc$2rdacarrier
=500  \\$aTitle on spreadsheet: "Jena Campaign Studies, Volume I: Problems and Readings."
=500  \\$aCustom binding.
=500  \\$aJena Campaign Studies, Volume I: Problems and Readings
=932  2\$aHorward Collection$9LOCAL
=936  1\$aHorward, Donald D.,$edonor$9LOCAL
=949  \\$aFTaSU$bFSUSP$cREVIEW$9LOCAL

