=LDR  00855nam a2200217Mi 4500
=008  \\\\\\s1987\\\\xx\\\\\\\\\\\\000\0\\\\\d
=040  \\$aFDA$beng$cFDA
=035  \\$a(FSUSCA)Horward_Row_2_Section_9_1462
=049  \\$lHorward_Row_2_Section_9_1462
=100  1\$aBausum, Henry S.
=245  14$aThe John Briggs Cincinnati Lectures in the Military Leadership and Command /$cHenry S. Bausum
=264  \1$a[Place of publication not identified] :$bVMI Foundation,$c1987
=300  \\$avolume
=336  \\$atext$btxt$2rdacontent
=337  \\$aunmediated$bn$2rdamedia
=338  \\$avolume$bnc$2rdacarrier
=500  \\$aTitle on spreadsheet: "The John Briggs Cincinnati Lectures in the Military Leadership and Command 1987."
=500  \\$aAutographed.
=932  2\$aHorward Collection$9LOCAL
=936  1\$aHorward, Donald D.,$edonor$9LOCAL
=949  \\$aFTaSU$bFSUSP$cREVIEW$9LOCAL

