=LDR  00733nam a2200217Mi 4500
=008  \\\\\\s2001\\\\xx\\\\\\\\\\\\000\0\\\\\d
=040  \\$aFDA$beng$cFDA
=035  \\$a(FSUSCA)Horward_Row_2_Section_11_1928
=049  \\$lHorward_Row_2_Section_11_1928
=100  1\$aRoger
=245  10$aJomini (1779-1869) /$cRoger et Gladys Jomini
=264  \1$a[Place of publication not identified] :$bB. J. P.?,$c2001
=300  \\$avolume
=336  \\$atext$btxt$2rdacontent
=337  \\$aunmediated$bn$2rdamedia
=338  \\$avolume$bnc$2rdacarrier
=500  \\$aTitle on spreadsheet: "Jomini (1779-1869)."
=700  1\$aJomini, Gladys
=932  2\$aHorward Collection$9LOCAL
=936  1\$aHorward, Donald D.,$edonor$9LOCAL
=949  \\$aFTaSU$bFSUSP$cREVIEW$9LOCAL

