=LDR  00769nam a2200217Mi 4500
=008  \\\\\\s1949\\\\xx\\\\\\\\\\\\000\0\\\\\d
=040  \\$aFDA$beng$cFDA
=035  \\$a(FSUSCA)Horward_Row_4_Section_7_2526
=049  \\$lHorward_Row_4_Section_7_2526
=100  1\$aNabonne, Bernard
=245  10$aJoseph Bonaparte, Le Roi Philosophe /$cBernard Nabonne
=264  \1$a[Place of publication not identified] :$bHachette,$c1949
=300  \\$avolume
=336  \\$atext$btxt$2rdacontent
=337  \\$aunmediated$bn$2rdamedia
=338  \\$avolume$bnc$2rdacarrier
=500  \\$aTitle on spreadsheet: "Joseph Bonaparte: Le Roi Philosophe."
=500  \\$aCustom binding.
=932  2\$aHorward Collection$9LOCAL
=936  1\$aHorward, Donald D.,$edonor$9LOCAL
=949  \\$aFTaSU$bFSUSP$cREVIEW$9LOCAL

