=LDR  00826nam a2200217Mi 4500
=008  \\\\\\s1919\\\\xx\\\\\\\\\\\\000\0\\\\\d
=040  \\$aFDA$beng$cFDA
=035  \\$a(FSUSCA)Horward_Row_2_Section_4_(Right)_668
=049  \\$lHorward_Row_2_Section_4_(Right)_668
=100  1\$aMasson, Frederic
=245  10$aJosephine, Imperatrice et Reine (1804-1809).$nVol. III /$cFrederic Masson
=264  \1$a[Place of publication not identified] :$bAlbin Michel,$c[1919]
=300  \\$avolume
=336  \\$atext$btxt$2rdacontent
=337  \\$aunmediated$bn$2rdamedia
=338  \\$avolume$bnc$2rdacarrier
=500  \\$aTitle on spreadsheet: "Josephine, Imperatrice et Reine (1804-1809), Vol. III."
=500  \\$aCustom binding.
=932  2\$aHorward Collection$9LOCAL
=936  1\$aHorward, Donald D.,$edonor$9LOCAL
=949  \\$aFTaSU$bFSUSP$cREVIEW$9LOCAL

