=LDR  00785nam a2200217Mi 4500
=008  \\\\\\s1934\\\\xx\\\\\\\\\\\\000\0\\\\\d
=040  \\$aFDA$beng$cFDA
=035  \\$a(FSUSCA)Horward_Row_2_Section_10_1679
=049  \\$lHorward_Row_2_Section_10_1679
=100  1\$aReinhardt, E.A.
=245  10$aJosephine, Wife of Napoleon /$cE.A. Reinhardt and Caroline Fredrick
=264  \1$a[Place of publication not identified] :$bAlfred A. Knopf,$c1934
=300  \\$avolume
=336  \\$atext$btxt$2rdacontent
=337  \\$aunmediated$bn$2rdamedia
=338  \\$avolume$bnc$2rdacarrier
=500  \\$aTitle on spreadsheet: "Josephine, Wife of Napoleon."
=700  1\$aFredrick, Caroline
=932  2\$aHorward Collection$9LOCAL
=936  1\$aHorward, Donald D.,$edonor$9LOCAL
=949  \\$aFTaSU$bFSUSP$cREVIEW$9LOCAL

