=LDR  00777nam a2200217Mi 4500
=008  \\\\\\s1967\\\\xx\\\\\\\\\\\\000\0\\\\\d
=040  \\$aFDA$beng$cFDA
=035  \\$a(FSUSCA)Horward_Row_2_Section_6_1051
=049  \\$lHorward_Row_2_Section_6_1051
=100  1\$aCastelot, Andre
=245  10$aJosephine, A Biography /$cAndre Castelot and Denise Folliot
=264  \1$a[Place of publication not identified] :$bHarper and Row Publishers,$c1967
=300  \\$avolume
=336  \\$atext$btxt$2rdacontent
=337  \\$aunmediated$bn$2rdamedia
=338  \\$avolume$bnc$2rdacarrier
=500  \\$aTitle on spreadsheet: "Josephine: A Biography."
=700  1\$aFolliot, Denise
=932  2\$aHorward Collection$9LOCAL
=936  1\$aHorward, Donald D.,$edonor$9LOCAL
=949  \\$aFTaSU$bFSUSP$cREVIEW$9LOCAL

