=LDR  00786nam a2200217Mi 4500
=008  \\\\\\s1947\\\\xx\\\\\\\\\\\\000\0\\\\\d
=040  \\$aFDA$beng$cFDA
=035  \\$a(FSUSCA)Horward_Row_2_Section_3_392
=049  \\$lHorward_Row_2_Section_3_392
=100  1\$aRegis, Roger
=245  10$aJosephine, Femme de Napoleon I (1763-1814) /$cRoger Regis
=264  \1$a[Place of publication not identified] :$bLes Editions de Paris,$c1947
=300  \\$avolume
=336  \\$atext$btxt$2rdacontent
=337  \\$aunmediated$bn$2rdamedia
=338  \\$avolume$bnc$2rdacarrier
=500  \\$aTitle on spreadsheet: "Josephine: Femme de Napoleon I (1763-1814)."
=500  \\$aCustom binding.
=932  2\$aHorward Collection$9LOCAL
=936  1\$aHorward, Donald D.,$edonor$9LOCAL
=949  \\$aFTaSU$bFSUSP$cREVIEW$9LOCAL

