=LDR  00775nam a2200205Mi 4500
=008  \\\\\\s2002\\\\xx\\\\\\\\\\\\000\0\\\\\d
=040  \\$aFDA$beng$cFDA
=035  \\$a(FSUSCA)Horward_Row_4_Section_7_2424
=049  \\$lHorward_Row_4_Section_7_2424
=100  1\$aDelorme, Eleanor P.
=245  10$aJosephine, Napoleon's Incomparable Empress /$cEleanor P. Delorme
=264  \1$a[Place of publication not identified] :$bHarry N. Abrams Publishing,$c2002
=300  \\$avolume
=336  \\$atext$btxt$2rdacontent
=337  \\$aunmediated$bn$2rdamedia
=338  \\$avolume$bnc$2rdacarrier
=500  \\$aTitle on spreadsheet: "Josephine: Napoleon's Incomparable Empress."
=932  2\$aHorward Collection$9LOCAL
=936  1\$aHorward, Donald D.,$edonor$9LOCAL
=949  \\$aFTaSU$bFSUSP$cREVIEW$9LOCAL

