=LDR  00829nam a2200229Mi 4500
=008  \\\\\\s1899\\\\xx\\\\\\\\\\\\000\0\\\\\d
=040  \\$aFDA$beng$cFDA
=035  \\$a(FSUSCA)Horward_Row_2_Section_4_(Right)_672
=049  \\$lHorward_Row_2_Section_4_(Right)_672
=100  1\$aMasson, Frederic
=245  10$aJosephine de Beauharnais, 1763-1796.$nVol. I /$cFrederic Masson
=250  \\$aNinth
=264  \1$a[Place of publication not identified] :$bPaul Ollendorff,$c1899
=300  \\$avolume
=336  \\$atext$btxt$2rdacontent
=337  \\$aunmediated$bn$2rdamedia
=338  \\$avolume$bnc$2rdacarrier
=500  \\$aTitle on spreadsheet: "Josephine de Beauharnais: 1763-1796, Vol. I."
=500  \\$aCustom binding.
=932  2\$aHorward Collection$9LOCAL
=936  1\$aHorward, Donald D.,$edonor$9LOCAL
=949  \\$aFTaSU$bFSUSP$cREVIEW$9LOCAL

