=LDR  00867nam a2200205Mi 4500
=008  \\\\\\s1825\\\\xx\\\\\\\\\\\\000\0\\\\\d
=040  \\$aFDA$beng$cFDA
=035  \\$a(FSUSCA)Horward_Row_2_Section_5_851
=049  \\$lHorward_Row_2_Section_5_851
=245  00$aJournal de ce qui s'est passe a la Tour du Temple Pendant la Captivite de Louis XVI roi de France
=264  \1$a[Place of publication not identified] :$bA Societe Catholique des bons Livres,$c1825
=300  \\$avolume
=336  \\$atext$btxt$2rdacontent
=337  \\$aunmediated$bn$2rdamedia
=338  \\$avolume$bnc$2rdacarrier
=500  \\$aTitle on spreadsheet: "Journal de ce qui s'est passe a la Tour du Temple Pendant la Captivite de Louis XVI roi de France."
=500  \\$aCustom binding.
=932  2\$aHorward Collection$9LOCAL
=936  1\$aHorward, Donald D.,$edonor$9LOCAL
=949  \\$aFTaSU$bFSUSP$cREVIEW$9LOCAL

