=LDR  00768nam a2200217Mi 4500
=008  \\\\\\s1904\\\\xx\\\\\\\\\\\\000\0\\\\\d
=040  \\$aFDA$beng$cFDA
=035  \\$a(FSUSCA)Horward_Row_4_Section_8_2659
=049  \\$lHorward_Row_4_Section_8_2659
=100  1\$aDoguereau
=245  10$aJournal de L'Expedition D'Egypte /$cDoguereau
=264  \1$a[Place of publication not identified] :$bLibrairie Academique Dider,$c1904
=300  \\$avolume
=336  \\$atext$btxt$2rdacontent
=337  \\$aunmediated$bn$2rdamedia
=338  \\$avolume$bnc$2rdacarrier
=500  \\$aTitle on spreadsheet: "Journal de L'Expedition D'Egypte."
=500  \\$aCustom binding.
=932  2\$aHorward Collection$9LOCAL
=936  1\$aHorward, Donald D.,$edonor$9LOCAL
=949  \\$aFTaSU$bFSUSP$cREVIEW$9LOCAL

