=LDR  00862nam a2200205Mi 4500
=008  \\\\\\suuuu\\\\xx\\\\\\\\\\\\000\0\\\\\d
=040  \\$aFDA$beng$cFDA
=035  \\$a(FSUSCA)Horward_Row_2_Section_3_543
=049  \\$lHorward_Row_2_Section_3_543
=245  00$aJournal des Operations Militaires Du Siege et Du Blocus de Genes
=264  \1$a[Place of publication not identified] :$bLibraire pour L'Art Militaire et les Sciences et Arts,$c[date of publication not identified]
=300  \\$avolume
=336  \\$atext$btxt$2rdacontent
=337  \\$aunmediated$bn$2rdamedia
=338  \\$avolume$bnc$2rdacarrier
=500  \\$aTitle on spreadsheet: "Journal des Operations Militaires Du Siege et Du Blocus de Genes."
=500  \\$aMay contain custom binding.
=932  2\$aHorward Collection$9LOCAL
=936  1\$aHorward, Donald D.,$edonor$9LOCAL
=949  \\$aFTaSU$bFSUSP$cREVIEW$9LOCAL

