=LDR  00802nam a2200217Mi 4500
=008  \\\\\\s1956\\\\xx\\\\\\\\\\\\000\0\\\\\d
=040  \\$aFDA$beng$cFDA
=035  \\$a(FSUSCA)Horward_Row_4_Section_6_2274
=049  \\$lHorward_Row_4_Section_6_2274
=100  1\$aCastelot, Andre
=245  10$aJournal Intime de Leonard Coiffeur de Marie-Antoinette /$cAndre Castelot
=264  \1$a[Place of publication not identified] :$bSfelt,$c1956
=300  \\$avolume
=336  \\$atext$btxt$2rdacontent
=337  \\$aunmediated$bn$2rdamedia
=338  \\$avolume$bnc$2rdacarrier
=500  \\$aTitle on spreadsheet: "Journal Intime de Leonard Coiffeur de Marie-Antoinette."
=500  \\$aCustom binding.
=932  2\$aHorward Collection$9LOCAL
=936  1\$aHorward, Donald D.,$edonor$9LOCAL
=949  \\$aFTaSU$bFSUSP$cREVIEW$9LOCAL

