=LDR  00833nam a2200205Mi 4500
=008  \\\\\\s1877\\\\xx\\\\\\\\\\\\000\0\\\\\d
=040  \\$aFDA$beng$cFDA
=035  \\$a(FSUSCA)Horward_Row_4_Section_7_2362
=049  \\$lHorward_Row_4_Section_7_2362
=100  1\$aReeve, Henry
=245  10$aJournal of a Residence at Vienna and Berlin in the Eventful Winter of 1805-1806 /$cHenry Reeve
=264  \1$a[Place of publication not identified] :$bLongmans, Green, and Co.,$c1877
=300  \\$avolume
=336  \\$atext$btxt$2rdacontent
=337  \\$aunmediated$bn$2rdamedia
=338  \\$avolume$bnc$2rdacarrier
=500  \\$aTitle on spreadsheet: "Journal of a Residence at Vienna and Berlin in the Eventful Winter of 1805-1806."
=932  2\$aHorward Collection$9LOCAL
=936  1\$aHorward, Donald D.,$edonor$9LOCAL
=949  \\$aFTaSU$bFSUSP$cREVIEW$9LOCAL

