=LDR  00814nam a2200205Mi 4500
=008  \\\\\\suuuu\\\\xx\\\\\\\\\\\\000\0\\\\\d
=040  \\$aFDA$beng$cFDA
=035  \\$a(FSUSCA)Horward_Row_2_Section_1_46
=049  \\$lHorward_Row_2_Section_1_46
=100  1\$aElliott, Grace Dalrymple
=245  10$aJournal of My Life during the French Revolution /$cElliott, Grace Dalrymple
=264  \1$a[Place of publication not identified] :$bThe Rodale Press,$c[date of publication not identified]
=300  \\$avolume
=336  \\$atext$btxt$2rdacontent
=337  \\$aunmediated$bn$2rdamedia
=338  \\$avolume$bnc$2rdacarrier
=500  \\$aTitle on spreadsheet: "Journal of My Life during the French Revolution."
=932  2\$aHorward Collection$9LOCAL
=936  1\$aHorward, Donald D.,$edonor$9LOCAL
=949  \\$aFTaSU$bFSUSP$cREVIEW$9LOCAL

