=LDR  00869nam a2200205Mi 4500
=008  \\\\\\s2001\\\\xx\\\\\\\\\\\\000\0\\\\\d
=040  \\$aFDA$beng$cFDA
=035  \\$a(FSUSCA)Horward_Row_4_Section_5_2119
=049  \\$lHorward_Row_4_Section_5_2119
=100  1\$aCuccia, Philip R.
=245  14$aThe Key to the Quadrilateral, An Analysis of the Sieges of Mantua During the Napoleonic Wars /$cPhilip R. Cuccia
=264  \1$a[Place of publication not identified] :$bFlorida State University,$c2001
=300  \\$avolume
=336  \\$atext$btxt$2rdacontent
=337  \\$aunmediated$bn$2rdamedia
=338  \\$avolume$bnc$2rdacarrier
=500  \\$aTitle on spreadsheet: "The Key to the Quadrilateral: An Analysis of the Sieges of Mantua During the Napoleonic Wars."
=932  2\$aHorward Collection$9LOCAL
=936  1\$aHorward, Donald D.,$edonor$9LOCAL
=949  \\$aFTaSU$bFSUSP$cREVIEW$9LOCAL

