=LDR  00836nam a2200205Mi 4500
=008  \\\\\\s1964\\\\xx\\\\\\\\\\\\000\0\\\\\d
=040  \\$aFDA$beng$cFDA
=035  \\$a(FSUSCA)Horward_Row_2_Section_9_1452
=049  \\$lHorward_Row_2_Section_9_1452
=100  1\$aLord Russel of Liverpool
=245  10$aKnight of the Sword The Life and Letters of Admiral Sir William Sidney Smith /$cLord Russel of Liverpool
=264  \1$a[Place of publication not identified] :$bGollancz,$c1964
=300  \\$avolume
=336  \\$atext$btxt$2rdacontent
=337  \\$aunmediated$bn$2rdamedia
=338  \\$avolume$bnc$2rdacarrier
=500  \\$aTitle on spreadsheet: "Knight of the Sword The Life and Letters of Admiral Sir William Sidney Smith."
=932  2\$aHorward Collection$9LOCAL
=936  1\$aHorward, Donald D.,$edonor$9LOCAL
=949  \\$aFTaSU$bFSUSP$cREVIEW$9LOCAL

