=LDR  00824nam a2200217Mi 4500
=008  \\\\\\s1954\\\\xx\\\\\\\\\\\\000\0\\\\\d
=040  \\$aFDA$beng$cFDA
=035  \\$a(FSUSCA)Horward_Row_2_Section_6_991
=049  \\$lHorward_Row_2_Section_6_991
=100  1\$aMouravieff, Boris
=245  10$aL'Alliance Russo Turque Au Milieu des Guerres Napoleoniennes /$cBoris Mouravieff
=264  \1$a[Place of publication not identified] :$bLa Baconniere,$c1954
=300  \\$avolume
=336  \\$atext$btxt$2rdacontent
=337  \\$aunmediated$bn$2rdamedia
=338  \\$avolume$bnc$2rdacarrier
=500  \\$aTitle on spreadsheet: "L'Alliance Russo Turque Au Milieu des Guerres Napoleoniennes."
=500  \\$aCustom binding.
=932  2\$aHorward Collection$9LOCAL
=936  1\$aHorward, Donald D.,$edonor$9LOCAL
=949  \\$aFTaSU$bFSUSP$cREVIEW$9LOCAL

