=LDR  00765nam a2200217Mi 4500
=008  \\\\\\s1908\\\\xx\\\\\\\\\\\\000\0\\\\\d
=040  \\$aFDA$beng$cFDA
=035  \\$a(FSUSCA)Horward_Row_2_Section_9_1608
=049  \\$lHorward_Row_2_Section_9_1608
=100  1\$aDuchesne
=245  10$aL'Arc de Triomphe et la Place de l'Etoile /$cDuchesne
=264  \1$a[Place of publication not identified] :$bDaragon,$c1908
=300  \\$avolume
=336  \\$atext$btxt$2rdacontent
=337  \\$aunmediated$bn$2rdamedia
=338  \\$avolume$bnc$2rdacarrier
=500  \\$aTitle on spreadsheet: "L'Arc de Triomphe et la Place de l'Etoile."
=500  \\$aCustom binding.
=932  2\$aHorward Collection$9LOCAL
=936  1\$aHorward, Donald D.,$edonor$9LOCAL
=949  \\$aFTaSU$bFSUSP$cREVIEW$9LOCAL

