=LDR  00792nam a2200217Mi 4500
=008  \\\\\\s1912\\\\xx\\\\\\\\\\\\000\0\\\\\d
=040  \\$aFDA$beng$cFDA
=035  \\$a(FSUSCA)Horward_Row_2_Section_6_965
=049  \\$lHorward_Row_2_Section_6_965
=100  1\$aVandal, Albert
=245  10$aL'Avenement de Bonaparte.$ntom. II /$cAlbert Vandal
=264  \1$a[Place of publication not identified] :$bPlon-Nourrit et cie, Imprimeurs-editeurs,$c1912
=300  \\$avolume
=336  \\$atext$btxt$2rdacontent
=337  \\$aunmediated$bn$2rdamedia
=338  \\$avolume$bnc$2rdacarrier
=500  \\$aTitle on spreadsheet: "L'Avenement de Bonaparte, tom. II."
=500  \\$aCustom binding.
=932  2\$aHorward Collection$9LOCAL
=936  1\$aHorward, Donald D.,$edonor$9LOCAL
=949  \\$aFTaSU$bFSUSP$cREVIEW$9LOCAL

