=LDR  00885nam a2200229Mi 4500
=008  \\\\\\s1869\\\\xx\\\\\\\\\\\\000\0\\\\\d
=040  \\$aFDA$beng$cFDA
=035  \\$a(FSUSCA)Horward_Row_2_Section_4_(Right)_670
=049  \\$lHorward_Row_2_Section_4_(Right)_670
=100  1\$aLe Comte D'Haussonville, M.
=245  10$aL'eglise Romaine et Le Premier Empire, 1800-1814.$nVol. III /$cM. Le Comte D'Haussonville
=250  \\$aSecond
=264  \1$a[Place of publication not identified] :$bMichel Levy Freres,$c1869
=300  \\$avolume
=336  \\$atext$btxt$2rdacontent
=337  \\$aunmediated$bn$2rdamedia
=338  \\$avolume$bnc$2rdacarrier
=500  \\$aTitle on spreadsheet: "L'eglise Romaine et Le Premier Empire: 1800-1814, Vol. III."
=500  \\$aCustom binding.
=932  2\$aHorward Collection$9LOCAL
=936  1\$aHorward, Donald D.,$edonor$9LOCAL
=949  \\$aFTaSU$bFSUSP$cREVIEW$9LOCAL

