=LDR  00802nam a2200229Mi 4500
=008  \\\\\\s1988\\\\xx\\\\\\\\\\\\000\0\\\\\d
=040  \\$aFDA$beng$cFDA
=035  \\$a(FSUSCA)Horward_Row_4_Section_7_2346
=049  \\$lHorward_Row_4_Section_7_2346
=100  1\$aNisbet, Anne-Marie
=245  10$aL'Empire A Table /$cAnne-Marie Nisbet and Victor Andre Massena
=264  \1$a[Place of publication not identified] :$bAdam Biro,$c1988
=300  \\$avolume
=336  \\$atext$btxt$2rdacontent
=337  \\$aunmediated$bn$2rdamedia
=338  \\$avolume$bnc$2rdacarrier
=500  \\$aTitle on spreadsheet: "L'Empire A Table."
=500  \\$aIn a cover sleeve.
=700  1\$aMassena, Victor Andre
=932  2\$aHorward Collection$9LOCAL
=936  1\$aHorward, Donald D.,$edonor$9LOCAL
=949  \\$aFTaSU$bFSUSP$cREVIEW$9LOCAL

