=LDR  00813nam a2200217Mi 4500
=008  \\\\\\s1958\\\\xx\\\\\\\\\\\\000\0\\\\\d
=040  \\$aFDA$beng$cFDA
=035  \\$a(FSUSCA)Horward_Row_2_Section_10_1797
=049  \\$lHorward_Row_2_Section_10_1797
=100  1\$ade Callias, Suzanne
=245  10$aL'Etrange Passion de Junot, duc D'Abrantes /$cSuzanne de Callias
=264  \1$a[Place of publication not identified] :$bMistral Monaco,$c1958
=300  \\$avolume
=336  \\$atext$btxt$2rdacontent
=337  \\$aunmediated$bn$2rdamedia
=338  \\$avolume$bnc$2rdacarrier
=500  \\$aTitle on spreadsheet: "L'Etrange Passion de Junot, duc D'Abrantes."
=500  \\$aSpine almost completely broken.
=932  2\$aHorward Collection$9LOCAL
=936  1\$aHorward, Donald D.,$edonor$9LOCAL
=949  \\$aFTaSU$bFSUSP$cREVIEW$9LOCAL

