=LDR  00751nam a2200205Mi 4500
=008  \\\\\\s1999\\\\xx\\\\\\\\\\\\000\0\\\\\d
=040  \\$aFDA$beng$cFDA
=035  \\$a(FSUSCA)Horward_Row_2_Section_7_1254
=049  \\$lHorward_Row_2_Section_7_1254
=100  1\$aDouglas, Vittorio Scotti
=245  10$aL'Europa Scopre Napoleone.$nVol 1 /$cVittorio Scotti Douglas
=264  \1$a[Place of publication not identified] :$bEdizioni dell'Orso,$c1999
=300  \\$avolume
=336  \\$atext$btxt$2rdacontent
=337  \\$aunmediated$bn$2rdamedia
=338  \\$avolume$bnc$2rdacarrier
=500  \\$aTitle on spreadsheet: "L'Europa Scopre Napoleone."
=932  2\$aHorward Collection$9LOCAL
=936  1\$aHorward, Donald D.,$edonor$9LOCAL
=949  \\$aFTaSU$bFSUSP$cREVIEW$9LOCAL

