=LDR  00843nam a2200229Mi 4500
=008  \\\\\\s1914\\\\xx\\\\\\\\\\\\000\0\\\\\d
=040  \\$aFDA$beng$cFDA
=035  \\$a(FSUSCA)Horward_Row_2_Section_1_50
=049  \\$lHorward_Row_2_Section_1_50
=100  1\$aVidal de la Blache, Paul
=245  10$aL'Evacuation de L'Espagne dans le Midi.$nVol. 2 /$cVidal de la Blache, Paul
=264  \1$a[Place of publication not identified] :$bBerger Lavreau,$c1914
=300  \\$avolume
=336  \\$atext$btxt$2rdacontent
=337  \\$aunmediated$bn$2rdamedia
=338  \\$avolume$bnc$2rdacarrier
=500  \\$aTitle on spreadsheet: "L'Evacuation de L'Espagne dans le Midi, Vol. 2."
=500  \\$aCustom binding.
=500  \\$aLoose ephemera.
=932  2\$aHorward Collection$9LOCAL
=936  1\$aHorward, Donald D.,$edonor$9LOCAL
=949  \\$aFTaSU$bFSUSP$cREVIEW$9LOCAL

