=LDR  00793nam a2200217Mi 4500
=008  \\\\\\s1939\\\\xx\\\\\\\\\\\\000\0\\\\\d
=040  \\$aFDA$beng$cFDA
=035  \\$a(FSUSCA)Horward_Row_2_Section_10_1751
=049  \\$lHorward_Row_2_Section_10_1751
=100  1\$aEbeling, J. B.
=245  10$aL'Histoire Racontee Par Ses Temoins Louis XVI /$cJ. B. Ebeling
=264  \1$a[Place of publication not identified] :$bLibrairie Plon,$c1939
=300  \\$avolume
=336  \\$atext$btxt$2rdacontent
=337  \\$aunmediated$bn$2rdamedia
=338  \\$avolume$bnc$2rdacarrier
=500  \\$aTitle on spreadsheet: "L'Histoire Racontee Par Ses Temoins Louis XVI."
=500  \\$aCustom binding.
=932  2\$aHorward Collection$9LOCAL
=936  1\$aHorward, Donald D.,$edonor$9LOCAL
=949  \\$aFTaSU$bFSUSP$cREVIEW$9LOCAL

