=LDR  00862nam a2200217Mi 4500
=008  \\\\\\s1930\\\\xx\\\\\\\\\\\\000\0\\\\\d
=040  \\$aFDA$beng$cFDA
=035  \\$a(FSUSCA)Horward_Row_2_Section_3_503
=049  \\$lHorward_Row_2_Section_3_503
=100  1\$aDriault, Edouard
=245  10$aL'Immortelle Epopee du Drapeau Tricolore Napoleon Le Grand 1769-1821.$nVol. I-III /$cEdouard Driault
=264  \1$a[Place of publication not identified] :$bF. Rousseaux,$c1930
=300  \\$avolume
=336  \\$atext$btxt$2rdacontent
=337  \\$aunmediated$bn$2rdamedia
=338  \\$avolume$bnc$2rdacarrier
=500  \\$aTitle on spreadsheet: "L'Immortelle Epopee du Drapeau Tricolore Napoleon Le Grand 1769-1821, Vol. I-III."
=500  \\$aCustom binding.
=932  2\$aHorward Collection$9LOCAL
=936  1\$aHorward, Donald D.,$edonor$9LOCAL
=949  \\$aFTaSU$bFSUSP$cREVIEW$9LOCAL

