=LDR  00808nam a2200217Mi 4500
=008  \\\\\\s1978\\\\xx\\\\\\\\\\\\000\0\\\\\d
=040  \\$aFDA$beng$cFDA
=035  \\$a(FSUSCA)Horward_Row_2_Section_3_509
=049  \\$lHorward_Row_2_Section_3_509
=100  1\$aSarramon, Jean
=245  10$aLa Bataille des Arapilles (12 Julliet 1812) /$cJean Sarramon
=264  \1$a[Place of publication not identified] :$bDe L'Universite de Toulouse-Le Mirail,$c1978
=300  \\$avolume
=336  \\$atext$btxt$2rdacontent
=337  \\$aunmediated$bn$2rdamedia
=338  \\$avolume$bnc$2rdacarrier
=500  \\$aTitle on spreadsheet: "La Bataille des Arapilles (12 Julliet 1812)."
=500  \\$aCustom binding.
=932  2\$aHorward Collection$9LOCAL
=936  1\$aHorward, Donald D.,$edonor$9LOCAL
=949  \\$aFTaSU$bFSUSP$cREVIEW$9LOCAL

