=LDR  00790nam a2200229Mi 4500
=008  \\\\\\s1985\\\\xx\\\\\\\\\\\\000\0\\\\\d
=040  \\$aFDA$beng$cFDA
=035  \\$a(FSUSCA)Horward_Row_2_Section_3_506
=049  \\$lHorward_Row_2_Section_3_506
=100  1\$aSarramon, Jean
=245  10$aLa Bataille de Vitoria /$cDr. Jean Sarramon
=264  \1$a[Place of publication not identified] :$bJ.C. Bailly,$c1985
=300  \\$avolume
=336  \\$atext$btxt$2rdacontent
=337  \\$aunmediated$bn$2rdamedia
=338  \\$avolume$bnc$2rdacarrier
=500  \\$aTitle on spreadsheet: "La Bataille de Vitoria."
=500  \\$aMay contain custom binding.
=500  \\$aSigned with note.
=932  2\$aHorward Collection$9LOCAL
=936  1\$aHorward, Donald D.,$edonor$9LOCAL
=949  \\$aFTaSU$bFSUSP$cREVIEW$9LOCAL

