=LDR  00776nam a2200205Mi 4500
=008  \\\\\\s1935\\\\xx\\\\\\\\\\\\000\0\\\\\d
=040  \\$aFDA$beng$cFDA
=035  \\$a(FSUSCA)Horward_Row_2_Section_11_1876
=049  \\$lHorward_Row_2_Section_11_1876
=100  1\$aPollico, Alberto
=245  10$aLa Campagna Invernale del 1806-1807 in Polonia /$cAlberto Pollico
=264  \1$a[Place of publication not identified] :$bLa Libreria Dello Stato,$c1935
=300  \\$avolume
=336  \\$atext$btxt$2rdacontent
=337  \\$aunmediated$bn$2rdamedia
=338  \\$avolume$bnc$2rdacarrier
=500  \\$aTitle on spreadsheet: "La Campagna Invernale del 1806-1807 in Polonia."
=932  2\$aHorward Collection$9LOCAL
=936  1\$aHorward, Donald D.,$edonor$9LOCAL
=949  \\$aFTaSU$bFSUSP$cREVIEW$9LOCAL

