=LDR  00782nam a2200229Mi 4500
=008  \\\\\\s1904\\\\xx\\\\\\\\\\\\000\0\\\\\d
=040  \\$aFDA$beng$cFDA
=035  \\$a(FSUSCA)Horward_Row_2_Section_4_598
=049  \\$lHorward_Row_2_Section_4_598
=100  1\$aGachot, Edouard
=245  10$aLa Campagne D'Helvetie /$cEdouard Gachot
=264  \1$a[Place of publication not identified] :$bLibrairie Academique Didier,$c1904
=300  \\$avolume
=336  \\$atext$btxt$2rdacontent
=337  \\$aunmediated$bn$2rdamedia
=338  \\$avolume$bnc$2rdacarrier
=500  \\$aTitle on spreadsheet: "La Campagne D'Helvetie."
=500  \\$aCustom binding.
=500  \\$aSigned.
=932  2\$aHorward Collection$9LOCAL
=936  1\$aHorward, Donald D.,$edonor$9LOCAL
=949  \\$aFTaSU$bFSUSP$cREVIEW$9LOCAL

