=LDR  00776nam a2200217Mi 4500
=008  \\\\\\s1908\\\\xx\\\\\\\\\\\\000\0\\\\\d
=040  \\$aFDA$beng$cFDA
=035  \\$a(FSUSCA)Horward_Row_2_Section_11_1953
=049  \\$lHorward_Row_2_Section_11_1953
=100  1\$ade Bas, F.
=245  10$aLa Campagne de 1815, Aux Pays-Bas.$nVol. I /$cF. de Bas
=264  \1$a[Place of publication not identified] :$bAlbert Dewit,$c1908
=300  \\$avolume
=336  \\$atext$btxt$2rdacontent
=337  \\$aunmediated$bn$2rdamedia
=338  \\$avolume$bnc$2rdacarrier
=500  \\$aTitle on spreadsheet: "La Campagne de 1815: Aux Pays-Bas, Vol. I."
=500  \\$aCustom binding.
=932  2\$aHorward Collection$9LOCAL
=936  1\$aHorward, Donald D.,$edonor$9LOCAL
=949  \\$aFTaSU$bFSUSP$cREVIEW$9LOCAL

