=LDR  00846nam a2200217Mi 4500
=008  \\\\\\s1935\\\\xx\\\\\\\\\\\\000\0\\\\\d
=040  \\$aFDA$beng$cFDA
=035  \\$a(FSUSCA)Horward_Row_2_Section_3_472
=049  \\$lHorward_Row_2_Section_3_472
=100  1\$ade Behaine, Lefebvre
=245  10$aLa Campagne de France L'Invasion Decembre 1813 - Janvier 1814 /$cLefebvre de Behaine
=264  \1$a[Place of publication not identified] :$bLibrairie Academique Perrin,$c1935
=300  \\$avolume
=336  \\$atext$btxt$2rdacontent
=337  \\$aunmediated$bn$2rdamedia
=338  \\$avolume$bnc$2rdacarrier
=500  \\$aTitle on spreadsheet: "La Campagne de France L'Invasion Decembre 1813 - Janvier 1814."
=500  \\$aCustom binding.
=932  2\$aHorward Collection$9LOCAL
=936  1\$aHorward, Donald D.,$edonor$9LOCAL
=949  \\$aFTaSU$bFSUSP$cREVIEW$9LOCAL

