=LDR  00791nam a2200217Mi 4500
=008  \\\\\\s1930\\\\xx\\\\\\\\\\\\000\0\\\\\d
=040  \\$aFDA$beng$cFDA
=035  \\$a(FSUSCA)Horward_Row_2_Section_6_1001
=049  \\$lHorward_Row_2_Section_6_1001
=100  1\$aLenotre, G.
=245  10$aLa Chateau de Rambouillet, Six Siecles d'Histoire /$cG. Lenotre
=264  \1$a[Place of publication not identified] :$bCalmann-Levy,$c1930
=300  \\$avolume
=336  \\$atext$btxt$2rdacontent
=337  \\$aunmediated$bn$2rdamedia
=338  \\$avolume$bnc$2rdacarrier
=500  \\$aTitle on spreadsheet: "La Chateau de Rambouillet: Six Siecles d'Histoire."
=500  \\$aCustom binding.
=932  2\$aHorward Collection$9LOCAL
=936  1\$aHorward, Donald D.,$edonor$9LOCAL
=949  \\$aFTaSU$bFSUSP$cREVIEW$9LOCAL

