=LDR  00824nam a2200217Mi 4500
=008  \\\\\\s1931\\\\xx\\\\\\\\\\\\000\0\\\\\d
=040  \\$aFDA$beng$cFDA
=035  \\$a(FSUSCA)Horward_Row_4_Section_6_2217
=049  \\$lHorward_Row_4_Section_6_2217
=100  1\$aLenotre, G.
=245  10$aLa Compagne de Jehu, Episodes de la Reaction Lyonnaise, 1794-1800 /$cG. Lenotre
=264  \1$a[Place of publication not identified] :$bPerrin et Cie,$c1931
=300  \\$avolume
=336  \\$atext$btxt$2rdacontent
=337  \\$aunmediated$bn$2rdamedia
=338  \\$avolume$bnc$2rdacarrier
=500  \\$aTitle on spreadsheet: "La Compagne de Jehu: Episodes de la Reaction Lyonnaise, 1794-1800."
=500  \\$aCustom binding.
=932  2\$aHorward Collection$9LOCAL
=936  1\$aHorward, Donald D.,$edonor$9LOCAL
=949  \\$aFTaSU$bFSUSP$cREVIEW$9LOCAL

