=LDR  00806nam a2200217Mi 4500
=008  \\\\\\s1926\\\\xx\\\\\\\\\\\\000\0\\\\\d
=040  \\$aFDA$beng$cFDA
=035  \\$a(FSUSCA)Horward_Row_2_Section_2_278
=049  \\$lHorward_Row_2_Section_2_278
=100  1\$aArnaud, Raul
=245  10$aLa Debacle Financiere de La Revolution, Cambon 1756-1820 /$cRaul Arnaud
=264  \1$a[Place of publication not identified] :$bPerrin et Cie,$c1926
=300  \\$avolume
=336  \\$atext$btxt$2rdacontent
=337  \\$aunmediated$bn$2rdamedia
=338  \\$avolume$bnc$2rdacarrier
=500  \\$aTitle on spreadsheet: "La Debacle Financiere de La Revolution: Cambon 1756-1820."
=500  \\$aCustom binding.
=932  2\$aHorward Collection$9LOCAL
=936  1\$aHorward, Donald D.,$edonor$9LOCAL
=949  \\$aFTaSU$bFSUSP$cREVIEW$9LOCAL

