=LDR  00741nam a2200217Mi 4500
=008  \\\\\\s1858\\\\xx\\\\\\\\\\\\000\0\\\\\d
=040  \\$aFDA$beng$cFDA
=035  \\$a(FSUSCA)Horward_Row_2_Section_6_947
=049  \\$lHorward_Row_2_Section_6_947
=100  1\$aRapetti
=245  10$aLa Defectionn de Marmont en 1814 /$cRapetti
=264  \1$a[Place of publication not identified] :$bParis,$c1858
=300  \\$avolume
=336  \\$atext$btxt$2rdacontent
=337  \\$aunmediated$bn$2rdamedia
=338  \\$avolume$bnc$2rdacarrier
=500  \\$aTitle on spreadsheet: "La Defectionn de Marmont en 1814."
=500  \\$aCustom binding.
=932  2\$aHorward Collection$9LOCAL
=936  1\$aHorward, Donald D.,$edonor$9LOCAL
=949  \\$aFTaSU$bFSUSP$cREVIEW$9LOCAL

