=LDR  00754nam a2200205Mi 4500
=008  \\\\\\s1889\\\\xx\\\\\\\\\\\\000\0\\\\\d
=040  \\$aFDA$beng$cFDA
=035  \\$a(FSUSCA)Horward_Row_4_Section_7_2505
=049  \\$lHorward_Row_4_Section_7_2505
=100  1\$aAuriol, Charles
=245  10$aLa Defense Du var et Le Passage des Alpes /$cCharles Auriol
=264  \1$a[Place of publication not identified] :$bPlon et Nourrit,$c1889
=300  \\$avolume
=336  \\$atext$btxt$2rdacontent
=337  \\$aunmediated$bn$2rdamedia
=338  \\$avolume$bnc$2rdacarrier
=500  \\$aTitle on spreadsheet: "La Defense Du var et Le Passage des Alpes."
=932  2\$aHorward Collection$9LOCAL
=936  1\$aHorward, Donald D.,$edonor$9LOCAL
=949  \\$aFTaSU$bFSUSP$cREVIEW$9LOCAL

