=LDR  00741nam a2200217Mi 4500
=008  \\\\\\s1949\\\\xx\\\\\\\\\\\\000\0\\\\\d
=040  \\$aFDA$beng$cFDA
=035  \\$a(FSUSCA)Horward_Row_2_Section_2_319
=049  \\$lHorward_Row_2_Section_2_319
=100  1\$aBertaut, Jules
=245  10$aLa Duchesse D' Abrantes /$cJules Bertaut
=264  \1$a[Place of publication not identified] :$bFlammarion,$c1949
=300  \\$avolume
=336  \\$atext$btxt$2rdacontent
=337  \\$aunmediated$bn$2rdamedia
=338  \\$avolume$bnc$2rdacarrier
=500  \\$aTitle on spreadsheet: "La Duchesse D' Abrantes."
=500  \\$aCustom binding.
=932  2\$aHorward Collection$9LOCAL
=936  1\$aHorward, Donald D.,$edonor$9LOCAL
=949  \\$aFTaSU$bFSUSP$cREVIEW$9LOCAL

