=LDR  00747nam a2200217Mi 4500
=008  \\\\\\s1958\\\\xx\\\\\\\\\\\\000\0\\\\\d
=040  \\$aFDA$beng$cFDA
=035  \\$a(FSUSCA)Horward_Row_2_Section_6_1005
=049  \\$lHorward_Row_2_Section_6_1005
=100  1\$aChanson, Paul
=245  10$aLafayette et Napoleon /$cPaul Chanson
=264  \1$a[Place of publication not identified] :$bLed Editions de Lyon,$c1958
=300  \\$avolume
=336  \\$atext$btxt$2rdacontent
=337  \\$aunmediated$bn$2rdamedia
=338  \\$avolume$bnc$2rdacarrier
=500  \\$aTitle on spreadsheet: "Lafayette et Napoleon."
=500  \\$aCustom binding.
=932  2\$aHorward Collection$9LOCAL
=936  1\$aHorward, Donald D.,$edonor$9LOCAL
=949  \\$aFTaSU$bFSUSP$cREVIEW$9LOCAL

