=LDR  00863nam a2200217Mi 4500
=008  \\\\\\s1969\\\\xx\\\\\\\\\\\\000\0\\\\\d
=040  \\$aFDA$beng$cFDA
=035  \\$a(FSUSCA)Horward_Row_2_Section_11_1833
=049  \\$lHorward_Row_2_Section_11_1833
=100  1\$aGottschalk, Louis
=245  10$aLafayette in the French Revolution, Through the October Days /$cLouis Gottschalk and Margaret Maddox
=264  \1$a[Place of publication not identified] :$bUniversity of Chicago Press,$c1969
=300  \\$avolume
=336  \\$atext$btxt$2rdacontent
=337  \\$aunmediated$bn$2rdamedia
=338  \\$avolume$bnc$2rdacarrier
=500  \\$aTitle on spreadsheet: "Lafayette in the French Revolution: Through the October Days."
=700  1\$aMaddox, Margaret
=932  2\$aHorward Collection$9LOCAL
=936  1\$aHorward, Donald D.,$edonor$9LOCAL
=949  \\$aFTaSU$bFSUSP$cREVIEW$9LOCAL

