=LDR  00785nam a2200217Mi 4500
=008  \\\\\\s1946\\\\xx\\\\\\\\\\\\000\0\\\\\d
=040  \\$aFDA$beng$cFDA
=035  \\$a(FSUSCA)Horward_Row_2_Section_6_985
=049  \\$lHorward_Row_2_Section_6_985
=100  1\$aBessand-Massenet, P.
=245  10$aLa France Apres La Terreur, 1795-1799 /$cP. Bessand-Massenet
=264  \1$a[Place of publication not identified] :$bLIbrairie Plon,$c1946
=300  \\$avolume
=336  \\$atext$btxt$2rdacontent
=337  \\$aunmediated$bn$2rdamedia
=338  \\$avolume$bnc$2rdacarrier
=500  \\$aTitle on spreadsheet: "La France Apres La Terreur: 1795-1799."
=500  \\$aCustom binding.
=932  2\$aHorward Collection$9LOCAL
=936  1\$aHorward, Donald D.,$edonor$9LOCAL
=949  \\$aFTaSU$bFSUSP$cREVIEW$9LOCAL

