=LDR  00827nam a2200217Mi 4500
=008  \\\\\\s1961\\\\xx\\\\\\\\\\\\000\0\\\\\d
=040  \\$aFDA$beng$cFDA
=035  \\$a(FSUSCA)Horward_Row_2_Section_3_408
=049  \\$lHorward_Row_2_Section_3_408
=100  1\$aBonnel, Ulane
=245  10$aLa France Les Etats-Unis et la guerre de course (1797-1815) /$cUlane Bonnel
=264  \1$a[Place of publication not identified] :$bNouvelles Editions Latines,$c1961
=300  \\$avolume
=336  \\$atext$btxt$2rdacontent
=337  \\$aunmediated$bn$2rdamedia
=338  \\$avolume$bnc$2rdacarrier
=500  \\$aTitle on spreadsheet: "La France Les Etats-Unis et la guerre de course (1797-1815)."
=500  \\$aCustom binding.
=932  2\$aHorward Collection$9LOCAL
=936  1\$aHorward, Donald D.,$edonor$9LOCAL
=949  \\$aFTaSU$bFSUSP$cREVIEW$9LOCAL

