=LDR  00722nam a2200205Mi 4500
=008  \\\\\\s1907\\\\xx\\\\\\\\\\\\000\0\\\\\d
=040  \\$aFDA$beng$cFDA
=035  \\$a(FSUSCA)Horward_Row_2_Section_9_1622
=049  \\$lHorward_Row_2_Section_9_1622
=100  1\$aClement, F. Pierre
=245  10$aLa Garde D'honneur /$cF. Pierre Clement
=264  \1$a[Place of publication not identified] :$bImprimerie Blais et Roy,$c1907
=300  \\$avolume
=336  \\$atext$btxt$2rdacontent
=337  \\$aunmediated$bn$2rdamedia
=338  \\$avolume$bnc$2rdacarrier
=500  \\$aTitle on spreadsheet: "La Garde D'honneur."
=932  2\$aHorward Collection$9LOCAL
=936  1\$aHorward, Donald D.,$edonor$9LOCAL
=949  \\$aFTaSU$bFSUSP$cREVIEW$9LOCAL

