=LDR  00797nam a2200217Mi 4500
=008  \\\\\\s1907\\\\xx\\\\\\\\\\\\000\0\\\\\d
=040  \\$aFDA$beng$cFDA
=035  \\$a(FSUSCA)Horward_Row_2_Section_5_783
=049  \\$lHorward_Row_2_Section_5_783
=100  1\$aCamon
=245  10$aLa Guerre Napoleonienne Les Systemes D'Operations /$cCamon
=264  \1$a[Place of publication not identified] :$bLibrairie Militaire R. Chapelot,$c1907
=300  \\$avolume
=336  \\$atext$btxt$2rdacontent
=337  \\$aunmediated$bn$2rdamedia
=338  \\$avolume$bnc$2rdacarrier
=500  \\$aTitle on spreadsheet: "La Guerre Napoleonienne Les Systemes D'Operations."
=500  \\$aCustom binding.
=932  2\$aHorward Collection$9LOCAL
=936  1\$aHorward, Donald D.,$edonor$9LOCAL
=949  \\$aFTaSU$bFSUSP$cREVIEW$9LOCAL

