=LDR  00809nam a2200217Mi 4500
=008  \\\\\\s2002\\\\xx\\\\\\\\\\\\000\0\\\\\d
=040  \\$aFDA$beng$cFDA
=035  \\$a(FSUSCA)Horward_Row_2_Section_9_1529
=049  \\$lHorward_Row_2_Section_9_1529
=110  2\$aChefdebien and Flavigny
=245  10$aLa Legion D'Honneur un Ordre au Service de la Nation /$cChefdebien and Flavigny
=264  \1$a[Place of publication not identified] :$bGallimard,$c2002
=300  \\$avolume
=336  \\$atext$btxt$2rdacontent
=337  \\$aunmediated$bn$2rdamedia
=338  \\$avolume$bnc$2rdacarrier
=500  \\$aTitle on spreadsheet: "La Legion D;Honneur un Ordre au Service de la Nation."
=500  \\$aCopy.
=932  2\$aHorward Collection$9LOCAL
=936  1\$aHorward, Donald D.,$edonor$9LOCAL
=949  \\$aFTaSU$bFSUSP$cREVIEW$9LOCAL

