=LDR  00735nam a2200217Mi 4500
=008  \\\\\\s1926\\\\xx\\\\\\\\\\\\000\0\\\\\d
=040  \\$aFDA$beng$cFDA
=035  \\$a(FSUSCA)Horward_Row_2_Section_7_1220
=049  \\$lHorward_Row_2_Section_7_1220
=100  1\$aCamon, General
=245  10$aLa Manceuvre de Wagram /$cGeneral Camon
=250  \\$a2nd Edition
=264  \1$a[Place of publication not identified] :$bLevrault,$c1926
=300  \\$avolume
=336  \\$atext$btxt$2rdacontent
=337  \\$aunmediated$bn$2rdamedia
=338  \\$avolume$bnc$2rdacarrier
=500  \\$aTitle on spreadsheet: "La Manceuvre de Wagram."
=932  2\$aHorward Collection$9LOCAL
=936  1\$aHorward, Donald D.,$edonor$9LOCAL
=949  \\$aFTaSU$bFSUSP$cREVIEW$9LOCAL

