=LDR  00849nam a2200217Mi 4500
=008  \\\\\\suuuu\\\\xx\\\\\\\\\\\\000\0\\\\\d
=040  \\$aFDA$beng$cFDA
=035  \\$a(FSUSCA)Horward_Row_2_Section_3_395
=049  \\$lHorward_Row_2_Section_3_395
=110  2\$aMaison Saint-Joseph
=245  10$aLa Passage de la Berezina et la Retraite de la grande Armee /$cMaison Saint-Joseph
=264  \1$a[Place of publication not identified] :$bN/A,$c[date of publication not identified]
=300  \\$avolume
=336  \\$atext$btxt$2rdacontent
=337  \\$aunmediated$bn$2rdamedia
=338  \\$avolume$bnc$2rdacarrier
=500  \\$aTitle on spreadsheet: "La Passage de la Berezina et la Retraite de la grande Armee."
=500  \\$aCustom binding.
=932  2\$aHorward Collection$9LOCAL
=936  1\$aHorward, Donald D.,$edonor$9LOCAL
=949  \\$aFTaSU$bFSUSP$cREVIEW$9LOCAL

