=LDR  00789nam a2200229Mi 4500
=008  \\\\\\s1907\\\\xx\\\\\\\\\\\\000\0\\\\\d
=040  \\$aFDA$beng$cFDA
=035  \\$a(FSUSCA)Horward_Row_2_Section_4_(Right)_686
=049  \\$lHorward_Row_2_Section_4_(Right)_686
=100  1\$aDe Lanzac de Laborie, L.
=245  10$aLa Religion /$cL. De Lanzac de Laborie
=250  \\$aSecond
=264  \1$a[Place of publication not identified] :$bE. Plon, Nourrit et Cie,$c1907
=300  \\$avolume
=336  \\$atext$btxt$2rdacontent
=337  \\$aunmediated$bn$2rdamedia
=338  \\$avolume$bnc$2rdacarrier
=500  \\$aTitle on spreadsheet: "La Religion."
=500  \\$aCustom binding.
=932  2\$aHorward Collection$9LOCAL
=936  1\$aHorward, Donald D.,$edonor$9LOCAL
=949  \\$aFTaSU$bFSUSP$cREVIEW$9LOCAL

