=LDR  00808nam a2200217Mi 4500
=008  \\\\\\s1968\\\\xx\\\\\\\\\\\\000\0\\\\\d
=040  \\$aFDA$beng$cFDA
=035  \\$a(FSUSCA)Horward_Row_2_Section_2_233
=049  \\$lHorward_Row_2_Section_2_233
=100  1\$aLeon, Antoine
=245  10$aLa Revolution Francaise et Education Technique /$cAntoine Leon
=264  \1$a[Place of publication not identified] :$bSociete des Etudes Robespieristes,$c1968
=300  \\$avolume
=336  \\$atext$btxt$2rdacontent
=337  \\$aunmediated$bn$2rdamedia
=338  \\$avolume$bnc$2rdacarrier
=500  \\$aTitle on spreadsheet: "La Revolution Francaise et Education Technique."
=500  \\$aCustom binding.
=932  2\$aHorward Collection$9LOCAL
=936  1\$aHorward, Donald D.,$edonor$9LOCAL
=949  \\$aFTaSU$bFSUSP$cREVIEW$9LOCAL

