=LDR  00943nam a2200229Mi 4500
=008  \\\\\\s1836\\\\xx\\\\\\\\\\\\000\0\\\\\d
=040  \\$aFDA$beng$cFDA
=035  \\$a(FSUSCA)Horward_Row_2_Section_4_(Right)_661
=049  \\$lHorward_Row_2_Section_4_(Right)_661
=100  1\$aNoirot, Chez M.
=245  10$aLa Specateur Militaire, Recueil de Science, D'Art et D'Histoirie Militaires.$nVol. XXI /$cChez M. Noirot and Chez Anselin
=264  \1$a[Place of publication not identified] :$bBourgogne and Martinet,$c1836
=300  \\$avolume
=336  \\$atext$btxt$2rdacontent
=337  \\$aunmediated$bn$2rdamedia
=338  \\$avolume$bnc$2rdacarrier
=500  \\$aTitle on spreadsheet: "La Specateur Militaire: Recueil de Science, D'Art et D'Histoirie Militaires, Vol. XXI."
=500  \\$aCustom binding.
=700  1\$aAnselin, Chez
=932  2\$aHorward Collection$9LOCAL
=936  1\$aHorward, Donald D.,$edonor$9LOCAL
=949  \\$aFTaSU$bFSUSP$cREVIEW$9LOCAL

