=LDR  00920nam a2200229Mi 4500
=008  \\\\\\s1826\\\\xx\\\\\\\\\\\\000\0\\\\\d
=040  \\$aFDA$beng$cFDA
=035  \\$a(FSUSCA)Horward_Row_2_Section_4_(Right)_682
=049  \\$lHorward_Row_2_Section_4_(Right)_682
=245  00$aLa Specateur Militaire, Recueil de Science, D'Art et D'Histoirie Militaires.$nVol. I
=264  \1$a[Place of publication not identified] :$bChez Paul Renouard,$c1826
=300  \\$avolume
=336  \\$atext$btxt$2rdacontent
=337  \\$aunmediated$bn$2rdamedia
=338  \\$avolume$bnc$2rdacarrier
=500  \\$aTitle on spreadsheet: "La Specateur Militaire: Recueil de Science, D'Art et D'Histoirie Militaires, Vol. I."
=500  \\$aCustom bindings.
=500  \\$aVolume 1: Note inside cover.
=500  \\$aVolume V: Ephemera.
=932  2\$aHorward Collection$9LOCAL
=936  1\$aHorward, Donald D.,$edonor$9LOCAL
=949  \\$aFTaSU$bFSUSP$cREVIEW$9LOCAL

