=LDR  00808nam a2200217Mi 4500
=008  \\\\\\s1971\\\\xx\\\\\\\\\\\\000\0\\\\\d
=040  \\$aFDA$beng$cFDA
=035  \\$a(FSUSCA)Horward_Row_2_Section_7_1216
=049  \\$lHorward_Row_2_Section_7_1216
=100  1\$aFurneaux, Rupert
=245  14$aThe Last Days of Marie Antoinette and Louis XVI /$cRupert Furneaux
=250  \\$aFirst American Edition
=264  \1$a[Place of publication not identified] :$bJohn Day Company,$c1971
=300  \\$avolume
=336  \\$atext$btxt$2rdacontent
=337  \\$aunmediated$bn$2rdamedia
=338  \\$avolume$bnc$2rdacarrier
=500  \\$aTitle on spreadsheet: "The Last Days of Marie Antoinette and Louis XVI."
=932  2\$aHorward Collection$9LOCAL
=936  1\$aHorward, Donald D.,$edonor$9LOCAL
=949  \\$aFTaSU$bFSUSP$cREVIEW$9LOCAL

