=LDR  00752nam a2200205Mi 4500
=008  \\\\\\s1966\\\\xx\\\\\\\\\\\\000\0\\\\\d
=040  \\$aFDA$beng$cFDA
=035  \\$a(FSUSCA)Horward_Row_2_Section_1_147
=049  \\$lHorward_Row_2_Section_1_147
=100  1\$aLachouque, Henry
=245  14$aThe Last Days of Napoleon's Empire /$cLachouque, Henry
=264  \1$a[Place of publication not identified] :$bGeorge Allen and Unwin Ltd,$c1966
=300  \\$avolume
=336  \\$atext$btxt$2rdacontent
=337  \\$aunmediated$bn$2rdamedia
=338  \\$avolume$bnc$2rdacarrier
=500  \\$aTitle on spreadsheet: "The Last Days of Napoleon's Empire."
=932  2\$aHorward Collection$9LOCAL
=936  1\$aHorward, Donald D.,$edonor$9LOCAL
=949  \\$aFTaSU$bFSUSP$cREVIEW$9LOCAL

