=LDR  00769nam a2200205Mi 4500
=008  \\\\\\s1977\\\\xx\\\\\\\\\\\\000\0\\\\\d
=040  \\$aFDA$beng$cFDA
=035  \\$a(FSUSCA)Horward_Row_2_Section_12_2030
=049  \\$lHorward_Row_2_Section_12_2030
=100  1\$aConnor, Susan Punzel
=245  10$aLaure Permon Junot, Duchess D'Abrantes /$cSusan Punzel Connor
=264  \1$a[Place of publication not identified] :$bFlorida State University,$c1977
=300  \\$avolume
=336  \\$atext$btxt$2rdacontent
=337  \\$aunmediated$bn$2rdamedia
=338  \\$avolume$bnc$2rdacarrier
=500  \\$aTitle on spreadsheet: "Laure Permon Junot, Duchess D'Abrantes."
=932  2\$aHorward Collection$9LOCAL
=936  1\$aHorward, Donald D.,$edonor$9LOCAL
=949  \\$aFTaSU$bFSUSP$cREVIEW$9LOCAL

