=LDR  00766nam a2200217Mi 4500
=008  \\\\\\s1955\\\\xx\\\\\\\\\\\\000\0\\\\\d
=040  \\$aFDA$beng$cFDA
=035  \\$a(FSUSCA)Horward_Row_4_Section_8_2629
=049  \\$lHorward_Row_4_Section_8_2629
=100  1\$aHastier
=245  10$aLa Verite sur L'Affaire Du Collier /$cHastier
=264  \1$a[Place of publication not identified] :$bLibrairie Artheme Fayard,$c1955
=300  \\$avolume
=336  \\$atext$btxt$2rdacontent
=337  \\$aunmediated$bn$2rdamedia
=338  \\$avolume$bnc$2rdacarrier
=500  \\$aTitle on spreadsheet: "La Verite sur L'Affaire Du Collier."
=500  \\$aCustom binding.
=932  2\$aHorward Collection$9LOCAL
=936  1\$aHorward, Donald D.,$edonor$9LOCAL
=949  \\$aFTaSU$bFSUSP$cREVIEW$9LOCAL

