=LDR  00723nam a2200205Mi 4500
=008  \\\\\\s1910\\\\xx\\\\\\\\\\\\000\0\\\\\d
=040  \\$aFDA$beng$cFDA
=035  \\$a(FSUSCA)Horward_Row_4_Section_8_2630
=049  \\$lHorward_Row_4_Section_8_2630
=100  1\$ade Lacombe, Bernard
=245  10$aLa Vie Privee de Talleyrand /$cBernard de Lacombe
=264  \1$a[Place of publication not identified] :$bPlon,$c1910
=300  \\$avolume
=336  \\$atext$btxt$2rdacontent
=337  \\$aunmediated$bn$2rdamedia
=338  \\$avolume$bnc$2rdacarrier
=500  \\$aTitle on spreadsheet: "La Vie Privee de Talleyrand."
=932  2\$aHorward Collection$9LOCAL
=936  1\$aHorward, Donald D.,$edonor$9LOCAL
=949  \\$aFTaSU$bFSUSP$cREVIEW$9LOCAL

