=LDR  00856nam a2200217Mi 4500
=008  \\\\\\s1970\\\\xx\\\\\\\\\\\\000\0\\\\\d
=040  \\$aFDA$beng$cFDA
=035  \\$a(FSUSCA)Horward_Row_2_Section_2_335
=049  \\$lHorward_Row_2_Section_2_335
=100  1\$aAgulhon, Maurice
=245  10$aLa Vie Sociale en Provence Interieure au Lendemain de la Revolution /$cMaurice Agulhon
=264  \1$a[Place of publication not identified] :$bSociete des Etudes Robespieristes,$c1970
=300  \\$avolume
=336  \\$atext$btxt$2rdacontent
=337  \\$aunmediated$bn$2rdamedia
=338  \\$avolume$bnc$2rdacarrier
=500  \\$aTitle on spreadsheet: "La Vie Sociale en Provence Interieure au Lendemain de la Revolution."
=500  \\$aCustom binding.
=932  2\$aHorward Collection$9LOCAL
=936  1\$aHorward, Donald D.,$edonor$9LOCAL
=949  \\$aFTaSU$bFSUSP$cREVIEW$9LOCAL

