=LDR  00816nam a2200229Mi 4500
=008  \\\\\\suuuu\\\\xx\\\\\\\\\\\\000\0\\\\\d
=040  \\$aFDA$beng$cFDA
=035  \\$a(FSUSCA)Horward_Row_2_Section_3_440
=049  \\$lHorward_Row_2_Section_3_440
=100  1\$aChollier, Antoine
=245  10$aLa Vraie Route Napoleon /$cAntoine Chollier
=264  \1$a[Place of publication not identified] :$bEditions Alpina,$c[date of publication not identified]
=300  \\$avolume
=336  \\$atext$btxt$2rdacontent
=337  \\$aunmediated$bn$2rdamedia
=338  \\$avolume$bnc$2rdacarrier
=500  \\$aTitle on spreadsheet: "La Vraie Route Napoleon."
=500  \\$aCustom binding.
=500  \\$aNote on page 7.
=932  2\$aHorward Collection$9LOCAL
=936  1\$aHorward, Donald D.,$edonor$9LOCAL
=949  \\$aFTaSU$bFSUSP$cREVIEW$9LOCAL

