=LDR  00770nam a2200205Mi 4500
=008  \\\\\\s1952\\\\xx\\\\\\\\\\\\000\0\\\\\d
=040  \\$aFDA$beng$cFDA
=035  \\$a(FSUSCA)Horward_Row_2_Section_7_1172
=049  \\$lHorward_Row_2_Section_7_1172
=100  1\$aNormand, Suzanne
=245  10$aLe Coeur Fidele et Infidele de Pauline Bonaparte /$cSuzanne Normand
=264  \1$a[Place of publication not identified] :$bBernard Grasset,$c1952
=300  \\$avolume
=336  \\$atext$btxt$2rdacontent
=337  \\$aunmediated$bn$2rdamedia
=338  \\$avolume$bnc$2rdacarrier
=500  \\$aTitle on spreadsheet: "Le Coeur Fidele et Infidele de Pauline Bonaparte."
=932  2\$aHorward Collection$9LOCAL
=936  1\$aHorward, Donald D.,$edonor$9LOCAL
=949  \\$aFTaSU$bFSUSP$cREVIEW$9LOCAL

