=LDR  00779nam a2200217Mi 4500
=008  \\\\\\s1914\\\\xx\\\\\\\\\\\\000\0\\\\\d
=040  \\$aFDA$beng$cFDA
=035  \\$a(FSUSCA)Horward_Row_4_Section_8_2592
=049  \\$lHorward_Row_4_Section_8_2592
=100  1\$aHoussaye
=245  10$aLe Dernier Jour de Napoleon a la Malmaison /$cHoussaye
=264  \1$a[Place of publication not identified] :$bLibrarie Academique,$c1914
=300  \\$avolume
=336  \\$atext$btxt$2rdacontent
=337  \\$aunmediated$bn$2rdamedia
=338  \\$avolume$bnc$2rdacarrier
=500  \\$aTitle on spreadsheet: "Le Dernier Jour de Napoleon a la Malmaison."
=500  \\$aCustom binding.
=932  2\$aHorward Collection$9LOCAL
=936  1\$aHorward, Donald D.,$edonor$9LOCAL
=949  \\$aFTaSU$bFSUSP$cREVIEW$9LOCAL

