=LDR  00809nam a2200217Mi 4500
=008  \\\\\\s1957\\\\xx\\\\\\\\\\\\000\0\\\\\d
=040  \\$aFDA$beng$cFDA
=035  \\$a(FSUSCA)Horward_Row_4_Section_7_2449
=049  \\$lHorward_Row_4_Section_7_2449
=100  1\$aGregoire, Louis
=245  10$aLe Divroce de Napoleon et de L'Imperatrice Josephine /$cLouis Gregoire
=264  \1$a[Place of publication not identified] :$bLetouzey and Ane,$c1957
=300  \\$avolume
=336  \\$atext$btxt$2rdacontent
=337  \\$aunmediated$bn$2rdamedia
=338  \\$avolume$bnc$2rdacarrier
=500  \\$aTitle on spreadsheet: "Le Divroce de Napoleon et de L'Imperatrice Josephine."
=500  \\$aCustom binding.
=932  2\$aHorward Collection$9LOCAL
=936  1\$aHorward, Donald D.,$edonor$9LOCAL
=949  \\$aFTaSU$bFSUSP$cREVIEW$9LOCAL

