=LDR  00761nam a2200217Mi 4500
=008  \\\\\\s1888\\\\xx\\\\\\\\\\\\000\0\\\\\d
=040  \\$aFDA$beng$cFDA
=035  \\$a(FSUSCA)Horward_Row_2_Section_8_1368
=049  \\$lHorward_Row_2_Section_8_1368
=100  1\$aWelschinger, Henri
=245  10$aLe Duc D'Enghien 1772-1804 /$cHenri Welschinger
=264  \1$a[Place of publication not identified] :$bLibrairie Plon,$c1888
=300  \\$avolume
=336  \\$atext$btxt$2rdacontent
=337  \\$aunmediated$bn$2rdamedia
=338  \\$avolume$bnc$2rdacarrier
=500  \\$aTitle on spreadsheet: "Le Duc D'Enghien 1772-1804."
=500  \\$aCustom binding.
=932  2\$aHorward Collection$9LOCAL
=936  1\$aHorward, Donald D.,$edonor$9LOCAL
=949  \\$aFTaSU$bFSUSP$cREVIEW$9LOCAL

