=LDR  00822nam a2200205Mi 4500
=008  \\\\\\suuuu\\\\xx\\\\\\\\\\\\000\0\\\\\d
=040  \\$aFDA$beng$cFDA
=035  \\$a(FSUSCA)Horward_Row_4_Section_7_2403
=049  \\$lHorward_Row_4_Section_7_2403
=100  1\$aMaugras, Gaston
=245  10$aLe Duc de Lauzun et Les Dernieres Annees de L'Ancien Regime /$cGaston Maugras
=264  \1$a[Place of publication not identified] :$bPlon et Nourrit,$c[date of publication not identified]
=300  \\$avolume
=336  \\$atext$btxt$2rdacontent
=337  \\$aunmediated$bn$2rdamedia
=338  \\$avolume$bnc$2rdacarrier
=500  \\$aTitle on spreadsheet: "Le Duc de Lauzun et Les Dernieres Annees de L'Ancien Regime."
=932  2\$aHorward Collection$9LOCAL
=936  1\$aHorward, Donald D.,$edonor$9LOCAL
=949  \\$aFTaSU$bFSUSP$cREVIEW$9LOCAL

