=LDR  00783nam a2200205Mi 4500
=008  \\\\\\s1972\\\\xx\\\\\\\\\\\\000\0\\\\\d
=040  \\$aFDA$beng$cFDA
=035  \\$a(FSUSCA)Horward_Row_2_Section_11_1837
=049  \\$lHorward_Row_2_Section_11_1837
=100  1\$aGlover, Michael
=245  10$aLegacy of Glory, The Bonaparte Kingdom of Spain 1808-1813 /$cMichael Glover
=264  \1$a[Place of publication not identified] :$bLeo Cooper,$c1972
=300  \\$avolume
=336  \\$atext$btxt$2rdacontent
=337  \\$aunmediated$bn$2rdamedia
=338  \\$avolume$bnc$2rdacarrier
=500  \\$aTitle on spreadsheet: "Legacy of Glory: The Bonaparte Kingdom of Spain 1808-1813."
=932  2\$aHorward Collection$9LOCAL
=936  1\$aHorward, Donald D.,$edonor$9LOCAL
=949  \\$aFTaSU$bFSUSP$cREVIEW$9LOCAL

