=LDR  00796nam a2200217Mi 4500
=008  \\\\\\s1914\\\\xx\\\\\\\\\\\\000\0\\\\\d
=040  \\$aFDA$beng$cFDA
=035  \\$a(FSUSCA)Horward_Row_2_Section_2_276
=049  \\$lHorward_Row_2_Section_2_276
=100  1\$aFunck-Bretano, Frantz
=245  10$aLegendes et Archives de La Bastille /$cFrantz Funck - Bretano
=264  \1$a[Place of publication not identified] :$bLibrairie Hachette et Cie,$c1914
=300  \\$avolume
=336  \\$atext$btxt$2rdacontent
=337  \\$aunmediated$bn$2rdamedia
=338  \\$avolume$bnc$2rdacarrier
=500  \\$aTitle on spreadsheet: "Legendes et Archives de La Bastille."
=500  \\$aCustom binding.
=932  2\$aHorward Collection$9LOCAL
=936  1\$aHorward, Donald D.,$edonor$9LOCAL
=949  \\$aFTaSU$bFSUSP$cREVIEW$9LOCAL

