=LDR  00818nam a2200217Mi 4500
=008  \\\\\\s1948\\\\xx\\\\\\\\\\\\000\0\\\\\d
=040  \\$aFDA$beng$cFDA
=035  \\$a(FSUSCA)Horward_Row_2_Section_4_601
=049  \\$lHorward_Row_2_Section_4_601
=100  1\$aGressot, Michel
=245  10$aLe general baron Francois-Joseph-Fidele de Gressot /$cMichel Gressot
=264  \1$a[Place of publication not identified] :$bSociete Jurassienne D'Emulation,$c1948
=300  \\$avolume
=336  \\$atext$btxt$2rdacontent
=337  \\$aunmediated$bn$2rdamedia
=338  \\$avolume$bnc$2rdacarrier
=500  \\$aTitle on spreadsheet: "Le general baron Francois-Joseph-Fidele de Gressot."
=500  \\$aCustom binding.
=932  2\$aHorward Collection$9LOCAL
=936  1\$aHorward, Donald D.,$edonor$9LOCAL
=949  \\$aFTaSU$bFSUSP$cREVIEW$9LOCAL

