=LDR  00752nam a2200205Mi 4500
=008  \\\\\\s1998\\\\xx\\\\\\\\\\\\000\0\\\\\d
=040  \\$aFDA$beng$cFDA
=035  \\$a(FSUSCA)Horward_Row_2_Section_11_1843
=049  \\$lHorward_Row_2_Section_11_1843
=100  1\$aAudebaud, Christian
=245  10$aLe general baron Pelet-Clozeau 1777-1858 /$cChristian Audebaud
=264  \1$a[Place of publication not identified] :$bS.P.M,$c1998
=300  \\$avolume
=336  \\$atext$btxt$2rdacontent
=337  \\$aunmediated$bn$2rdamedia
=338  \\$avolume$bnc$2rdacarrier
=500  \\$aTitle on spreadsheet: "Le general baron Pelet-Clozeau 1777-1858."
=932  2\$aHorward Collection$9LOCAL
=936  1\$aHorward, Donald D.,$edonor$9LOCAL
=949  \\$aFTaSU$bFSUSP$cREVIEW$9LOCAL

