=LDR  00824nam a2200217Mi 4500
=008  \\\\\\s1880\\\\xx\\\\\\\\\\\\000\0\\\\\d
=040  \\$aFDA$beng$cFDA
=035  \\$a(FSUSCA)Horward_Row_2_Section_4_573
=049  \\$lHorward_Row_2_Section_4_573
=100  1\$aDebidour, A.
=245  10$aLe General Bigarre Aide de Camp De Joseph Bonaparte /$cA. Debidour
=264  \1$a[Place of publication not identified] :$bBerger-Levrault et Cie Libraires-Editeurs,$c1880
=300  \\$avolume
=336  \\$atext$btxt$2rdacontent
=337  \\$aunmediated$bn$2rdamedia
=338  \\$avolume$bnc$2rdacarrier
=500  \\$aTitle on spreadsheet: "Le General Bigarre Aide de Camp De Joseph Bonaparte."
=500  \\$aDetached cover.
=932  2\$aHorward Collection$9LOCAL
=936  1\$aHorward, Donald D.,$edonor$9LOCAL
=949  \\$aFTaSU$bFSUSP$cREVIEW$9LOCAL

