=LDR  00793nam a2200217Mi 4500
=008  \\\\\\s1958\\\\xx\\\\\\\\\\\\000\0\\\\\d
=040  \\$aFDA$beng$cFDA
=035  \\$a(FSUSCA)Horward_Row_2_Section_3_453
=049  \\$lHorward_Row_2_Section_3_453
=100  1\$ala Bastide, G.
=245  10$aLe General de Division Comte Heudelet 1770-1857 /$cG. la Bastide
=264  \1$a[Place of publication not identified] :$bCrepin-Leblond,$c1958
=300  \\$avolume
=336  \\$atext$btxt$2rdacontent
=337  \\$aunmediated$bn$2rdamedia
=338  \\$avolume$bnc$2rdacarrier
=500  \\$aTitle on spreadsheet: "Le General de Division Comte Heudelet 1770-1857."
=500  \\$aCustom binding.
=932  2\$aHorward Collection$9LOCAL
=936  1\$aHorward, Donald D.,$edonor$9LOCAL
=949  \\$aFTaSU$bFSUSP$cREVIEW$9LOCAL

