=LDR  00740nam a2200205Mi 4500
=008  \\\\\\s1866\\\\xx\\\\\\\\\\\\000\0\\\\\d
=040  \\$aFDA$beng$cFDA
=035  \\$a(FSUSCA)Horward_Row_2_Section_8_1334
=049  \\$lHorward_Row_2_Section_8_1334
=100  1\$aMarquis de Grouchy
=245  10$aLe General de Grouchy et L'irlande en 1796
=264  \1$a[Place of publication not identified] :$bFrederic Henry,$c1866
=300  \\$avolume
=336  \\$atext$btxt$2rdacontent
=337  \\$aunmediated$bn$2rdamedia
=338  \\$avolume$bnc$2rdacarrier
=500  \\$aTitle on spreadsheet: "Le General de Grouchy et L'irlande en 1796."
=932  2\$aHorward Collection$9LOCAL
=936  1\$aHorward, Donald D.,$edonor$9LOCAL
=949  \\$aFTaSU$bFSUSP$cREVIEW$9LOCAL

