=LDR  00766nam a2200217Mi 4500
=008  \\\\\\s1908\\\\xx\\\\\\\\\\\\000\0\\\\\d
=040  \\$aFDA$beng$cFDA
=035  \\$a(FSUSCA)Horward_Row_4_Section_6_2283
=049  \\$lHorward_Row_4_Section_6_2283
=100  1\$aBoulot, Georges
=245  10$aLe General Duphot (1769-1797) /$cGeorges Boulot
=264  \1$a[Place of publication not identified] :$bPlon-Nourrit et Cie,$c1908
=300  \\$avolume
=336  \\$atext$btxt$2rdacontent
=337  \\$aunmediated$bn$2rdamedia
=338  \\$avolume$bnc$2rdacarrier
=500  \\$aTitle on spreadsheet: "Le General Duphot (1769-1797)."
=500  \\$aCustom binding.
=932  2\$aHorward Collection$9LOCAL
=936  1\$aHorward, Donald D.,$edonor$9LOCAL
=949  \\$aFTaSU$bFSUSP$cREVIEW$9LOCAL

