=LDR  00848nam a2200217Mi 4500
=008  \\\\\\s1969\\\\xx\\\\\\\\\\\\000\0\\\\\d
=040  \\$aFDA$beng$cFDA
=035  \\$a(FSUSCA)Horward_Row_2_Section_2_315
=049  \\$lHorward_Row_2_Section_2_315
=100  1\$aDelpech-Laborie, Jean
=245  10$aLe General Fournier-Sarloveze le plus mauvais sujet de Napoleon /$cJean Delpech-Laborie
=264  \1$a[Place of publication not identified] :$bProductions de Pari s,$c1969
=300  \\$avolume
=336  \\$atext$btxt$2rdacontent
=337  \\$aunmediated$bn$2rdamedia
=338  \\$avolume$bnc$2rdacarrier
=500  \\$aTitle on spreadsheet: "Le General Fournier-Sarloveze "le plus mauvais sujet" de Napoleon."
=500  \\$aCustom binding.
=932  2\$aHorward Collection$9LOCAL
=936  1\$aHorward, Donald D.,$edonor$9LOCAL
=949  \\$aFTaSU$bFSUSP$cREVIEW$9LOCAL

