=LDR  00821nam a2200229Mi 4500
=008  \\\\\\s1858\\\\xx\\\\\\\\\\\\000\0\\\\\d
=040  \\$aFDA$beng$cFDA
=035  \\$a(FSUSCA)Horward_Row_2_Section_11_1959
=049  \\$lHorward_Row_2_Section_11_1959
=100  1\$aMocnik, Franz
=245  10$aLehrbuch Der Geometrie /$cDr. Franz Mocnik
=264  \1$a[Place of publication not identified] :$bWien,$c1858
=300  \\$avolume
=336  \\$atext$btxt$2rdacontent
=337  \\$aunmediated$bn$2rdamedia
=338  \\$avolume$bnc$2rdacarrier
=500  \\$aTitle on spreadsheet: "Lehrbuch Der Geometrie."
=500  \\$aMay contain custom binding.
=500  \\$aHeavily wrapped in paper, lots of damage to the book.
=932  2\$aHorward Collection$9LOCAL
=936  1\$aHorward, Donald D.,$edonor$9LOCAL
=949  \\$aFTaSU$bFSUSP$cREVIEW$9LOCAL

