=LDR  00729nam a2200205Mi 4500
=008  \\\\\\s1908\\\\xx\\\\\\\\\\\\000\0\\\\\d
=040  \\$aFDA$beng$cFDA
=035  \\$a(FSUSCA)Horward_Row_4_Section_7_2532
=049  \\$lHorward_Row_4_Section_7_2532
=100  1\$aMaude, F. N.
=245  14$aThe Leipzig Campaign 1813 /$cF. N. Maude
=264  \1$a[Place of publication not identified] :$bGeorge Allen and Unwin, Ltd.,$c1908
=300  \\$avolume
=336  \\$atext$btxt$2rdacontent
=337  \\$aunmediated$bn$2rdamedia
=338  \\$avolume$bnc$2rdacarrier
=500  \\$aTitle on spreadsheet: "The Leipzig Campaign 1813."
=932  2\$aHorward Collection$9LOCAL
=936  1\$aHorward, Donald D.,$edonor$9LOCAL
=949  \\$aFTaSU$bFSUSP$cREVIEW$9LOCAL

