=LDR  00771nam a2200217Mi 4500
=008  \\\\\\s1928\\\\xx\\\\\\\\\\\\000\0\\\\\d
=040  \\$aFDA$beng$cFDA
=035  \\$a(FSUSCA)Horward_Row_2_Section_5_862
=049  \\$lHorward_Row_2_Section_5_862
=100  1\$aLenotre, G.
=245  10$aLe Jardin de Picpus /$cG. Lenotre
=264  \1$a[Place of publication not identified] :$bLibrairie Academique Perrin et cie, Libraires editeurs,$c1928
=300  \\$avolume
=336  \\$atext$btxt$2rdacontent
=337  \\$aunmediated$bn$2rdamedia
=338  \\$avolume$bnc$2rdacarrier
=500  \\$aTitle on spreadsheet: "Le Jardin de Picpus."
=500  \\$aCustom binding.
=932  2\$aHorward Collection$9LOCAL
=936  1\$aHorward, Donald D.,$edonor$9LOCAL
=949  \\$aFTaSU$bFSUSP$cREVIEW$9LOCAL

