=LDR  00761nam a2200217Mi 4500
=008  \\\\\\s1938\\\\xx\\\\\\\\\\\\000\0\\\\\d
=040  \\$aFDA$beng$cFDA
=035  \\$a(FSUSCA)Horward_Row_4_Section_8_2607
=049  \\$lHorward_Row_4_Section_8_2607
=100  1\$aCorbeiller
=245  10$aLe Leopard de la Revolution /$cCorbeiller
=264  \1$a[Place of publication not identified] :$bLibrairie Academique Perrin,$c1938
=300  \\$avolume
=336  \\$atext$btxt$2rdacontent
=337  \\$aunmediated$bn$2rdamedia
=338  \\$avolume$bnc$2rdacarrier
=500  \\$aTitle on spreadsheet: "Le Leopard de la Revolution."
=500  \\$aCustom binding.
=932  2\$aHorward Collection$9LOCAL
=936  1\$aHorward, Donald D.,$edonor$9LOCAL
=949  \\$aFTaSU$bFSUSP$cREVIEW$9LOCAL

