=LDR  00812nam a2200217Mi 4500
=008  \\\\\\s1908\\\\xx\\\\\\\\\\\\000\0\\\\\d
=040  \\$aFDA$beng$cFDA
=035  \\$a(FSUSCA)Horward_Row_2_Section_3_439
=049  \\$lHorward_Row_2_Section_3_439
=100  1\$aLe General Derrecagaix
=245  10$aLe Lieutenant-General Comte Belliard /$cLe General Derrecagaix
=264  \1$a[Place of publication not identified] :$bLibrairie Militaire R. Chapelot et Cie,$c1908
=300  \\$avolume
=336  \\$atext$btxt$2rdacontent
=337  \\$aunmediated$bn$2rdamedia
=338  \\$avolume$bnc$2rdacarrier
=500  \\$aTitle on spreadsheet: "Le Lieutenant-General Comte Belliard."
=500  \\$aCustom binding.
=932  2\$aHorward Collection$9LOCAL
=936  1\$aHorward, Donald D.,$edonor$9LOCAL
=949  \\$aFTaSU$bFSUSP$cREVIEW$9LOCAL

