=LDR  00834nam a2200229Mi 4500
=008  \\\\\\s1879\\\\xx\\\\\\\\\\\\000\0\\\\\d
=040  \\$aFDA$beng$cFDA
=035  \\$a(FSUSCA)Horward_Row_2_Section_3_399
=049  \\$lHorward_Row_2_Section_3_399
=100  1\$aDeckmuhl, A. L.
=245  10$aLe Marechal Davout - Prince D'eckmuhl /$cA. L. Deckmuhl, Mise de Blocqueville
=264  \1$a[Place of publication not identified] :$bDidier et Cie,$c1879
=300  \\$avolume
=336  \\$atext$btxt$2rdacontent
=337  \\$aunmediated$bn$2rdamedia
=338  \\$avolume$bnc$2rdacarrier
=500  \\$aTitle on spreadsheet: "Le Marechal Davout - Prince D'eckmuhl."
=500  \\$aCustom binding.
=700  1\$ade Blocqueville, Mise
=932  2\$aHorward Collection$9LOCAL
=936  1\$aHorward, Donald D.,$edonor$9LOCAL
=949  \\$aFTaSU$bFSUSP$cREVIEW$9LOCAL

