=LDR  00805nam a2200217Mi 4500
=008  \\\\\\s1957\\\\xx\\\\\\\\\\\\000\0\\\\\d
=040  \\$aFDA$beng$cFDA
=035  \\$a(FSUSCA)Horward_Row_2_Section_3_433
=049  \\$lHorward_Row_2_Section_3_433
=100  1\$aSaint Marc, Pierre
=245  10$aLe Marechal Marmont, Duc de Raguse 1774-1852 /$cPierre Saint Marc
=264  \1$a[Place of publication not identified] :$bLibrairie Artheme Fayard,$c1957
=300  \\$avolume
=336  \\$atext$btxt$2rdacontent
=337  \\$aunmediated$bn$2rdamedia
=338  \\$avolume$bnc$2rdacarrier
=500  \\$aTitle on spreadsheet: "Le Marechal Marmont, Duc de Raguse 1774-1852."
=500  \\$aCustom binding.
=932  2\$aHorward Collection$9LOCAL
=936  1\$aHorward, Donald D.,$edonor$9LOCAL
=949  \\$aFTaSU$bFSUSP$cREVIEW$9LOCAL

