=LDR  00785nam a2200205Mi 4500
=008  \\\\\\s1935\\\\xx\\\\\\\\\\\\000\0\\\\\d
=040  \\$aFDA$beng$cFDA
=035  \\$a(FSUSCA)Horward_Row_2_Section_8_1408
=049  \\$lHorward_Row_2_Section_8_1408
=100  1\$aAntomarchi, Pascal
=245  10$aLe Marechal Massena et le Retour de L'ile D'elbe /$cPascal Antomarchi
=264  \1$a[Place of publication not identified] :$b[publisher not identified],$c1935
=300  \\$avolume
=336  \\$atext$btxt$2rdacontent
=337  \\$aunmediated$bn$2rdamedia
=338  \\$avolume$bnc$2rdacarrier
=500  \\$aTitle on spreadsheet: "Le Marechal Massena et le Retour de L'ile D'elbe."
=932  2\$aHorward Collection$9LOCAL
=936  1\$aHorward, Donald D.,$edonor$9LOCAL
=949  \\$aFTaSU$bFSUSP$cREVIEW$9LOCAL

