=LDR  00779nam a2200217Mi 4500
=008  \\\\\\s1957\\\\xx\\\\\\\\\\\\000\0\\\\\d
=040  \\$aFDA$beng$cFDA
=035  \\$a(FSUSCA)Horward_Row_2_Section_7_1123
=049  \\$lHorward_Row_2_Section_7_1123
=100  1\$aMoreel, Leon
=245  10$aLe Marechal Mortier Duc de Trevise /$cLeon Moreel
=264  \1$a[Place of publication not identified] :$bLes Editions Internationales,$c1957
=300  \\$avolume
=336  \\$atext$btxt$2rdacontent
=337  \\$aunmediated$bn$2rdamedia
=338  \\$avolume$bnc$2rdacarrier
=500  \\$aTitle on spreadsheet: "Le Marechal Mortier Duc de Trevise."
=500  \\$aCustom binding.
=932  2\$aHorward Collection$9LOCAL
=936  1\$aHorward, Donald D.,$edonor$9LOCAL
=949  \\$aFTaSU$bFSUSP$cREVIEW$9LOCAL

