=LDR  00740nam a2200217Mi 4500
=008  \\\\\\s1869\\\\xx\\\\\\\\\\\\000\0\\\\\d
=040  \\$aFDA$beng$cFDA
=035  \\$a(FSUSCA)Horward_Row_2_Section_5_861
=049  \\$lHorward_Row_2_Section_5_861
=100  1\$aD'Heylli, Georges
=245  10$aLe Marechal Ney /$cGeorges D'Heylli
=264  \1$a[Place of publication not identified] :$bArmand le Chevalier,$c1869
=300  \\$avolume
=336  \\$atext$btxt$2rdacontent
=337  \\$aunmediated$bn$2rdamedia
=338  \\$avolume$bnc$2rdacarrier
=500  \\$aTitle on spreadsheet: "Le Marechal Ney."
=500  \\$aCustom binding.
=932  2\$aHorward Collection$9LOCAL
=936  1\$aHorward, Donald D.,$edonor$9LOCAL
=949  \\$aFTaSU$bFSUSP$cREVIEW$9LOCAL

