=LDR  00780nam a2200205Mi 4500
=008  \\\\\\s1930\\\\xx\\\\\\\\\\\\000\0\\\\\d
=040  \\$aFDA$beng$cFDA
=035  \\$a(FSUSCA)Horward_Row_4_Section_7_2380
=049  \\$lHorward_Row_4_Section_7_2380
=100  1\$aMaugin, Georges
=245  10$aLe Marechal Ney et La Marechal Blucher a Nancy en 1814 /$cGeorges Maugin
=264  \1$a[Place of publication not identified] :$bBerger-Levrault,$c1930
=300  \\$avolume
=336  \\$atext$btxt$2rdacontent
=337  \\$aunmediated$bn$2rdamedia
=338  \\$avolume$bnc$2rdacarrier
=500  \\$aTitle on spreadsheet: "Le Marechal Ney et La Marechal Blucher a Nancy en 1814."
=932  2\$aHorward Collection$9LOCAL
=936  1\$aHorward, Donald D.,$edonor$9LOCAL
=949  \\$aFTaSU$bFSUSP$cREVIEW$9LOCAL

