=LDR  00776nam a2200217Mi 4500
=008  \\\\\\s1905\\\\xx\\\\\\\\\\\\000\0\\\\\d
=040  \\$aFDA$beng$cFDA
=035  \\$a(FSUSCA)Horward_Row_2_Section_3_380
=049  \\$lHorward_Row_2_Section_3_380
=100  1\$aWelschinger, Henri
=245  10$aLe Pape et L'Empereur, 1804-1815 /$cHenri Welschinger
=264  \1$a[Place of publication not identified] :$bPlon-Nourrit et Cie,$c1905
=300  \\$avolume
=336  \\$atext$btxt$2rdacontent
=337  \\$aunmediated$bn$2rdamedia
=338  \\$avolume$bnc$2rdacarrier
=500  \\$aTitle on spreadsheet: "Le Pape et L'Empereur, 1804-1815."
=500  \\$aCustom binding.
=932  2\$aHorward Collection$9LOCAL
=936  1\$aHorward, Donald D.,$edonor$9LOCAL
=949  \\$aFTaSU$bFSUSP$cREVIEW$9LOCAL

