=LDR  00866nam a2200229Mi 4500
=008  \\\\\\s1897\\\\xx\\\\\\\\\\\\000\0\\\\\d
=040  \\$aFDA$beng$cFDA
=035  \\$a(FSUSCA)Horward_Row_4_Section_6_2295
=049  \\$lHorward_Row_4_Section_6_2295
=100  1\$aPelissier, Leon-G.
=245  10$aLe Registre L'Ile D'Elbe, Lettres et Ordres Inedits de Napoleon Ier /$cLeon-G. Pelissier
=250  \\$aSecond
=264  \1$a[Place of publication not identified] :$bThorin et Fils,$c1897
=300  \\$avolume
=336  \\$atext$btxt$2rdacontent
=337  \\$aunmediated$bn$2rdamedia
=338  \\$avolume$bnc$2rdacarrier
=500  \\$aTitle on spreadsheet: "Le Registre L'Ile D'Elbe: Lettres et Ordres Inedits de Napoleon Ier."
=500  \\$aCustom binding.
=932  2\$aHorward Collection$9LOCAL
=936  1\$aHorward, Donald D.,$edonor$9LOCAL
=949  \\$aFTaSU$bFSUSP$cREVIEW$9LOCAL

