=LDR  00766nam a2200217Mi 4500
=008  \\\\\\s1894\\\\xx\\\\\\\\\\\\000\0\\\\\d
=040  \\$aFDA$beng$cFDA
=035  \\$a(FSUSCA)Horward_Row_2_Section_8_1441
=049  \\$lHorward_Row_2_Section_8_1441
=100  1\$aPulitzer, Albert
=245  10$aLe Roman du Prince Eugene /$cAlbert Pulitzer
=264  \1$a[Place of publication not identified] :$bLibrairie de Firmin-Didot,$c1894
=300  \\$avolume
=336  \\$atext$btxt$2rdacontent
=337  \\$aunmediated$bn$2rdamedia
=338  \\$avolume$bnc$2rdacarrier
=500  \\$aTitle on spreadsheet: "Le Roman du Prince Eugene."
=500  \\$aCustom binding.
=932  2\$aHorward Collection$9LOCAL
=936  1\$aHorward, Donald D.,$edonor$9LOCAL
=949  \\$aFTaSU$bFSUSP$cREVIEW$9LOCAL

