=LDR  00755nam a2200205Mi 4500
=008  \\\\\\s1972\\\\xx\\\\\\\\\\\\000\0\\\\\d
=040  \\$aFDA$beng$cFDA
=035  \\$a(FSUSCA)Horward_Row_4_Section_6_2270
=049  \\$lHorward_Row_4_Section_6_2270
=100  1\$aBizardel, Yvon
=245  10$aLes Americains a Paris Pendant La Revolution /$cYvon Bizardel
=264  \1$a[Place of publication not identified] :$bCalmann-Levy,$c1972
=300  \\$avolume
=336  \\$atext$btxt$2rdacontent
=337  \\$aunmediated$bn$2rdamedia
=338  \\$avolume$bnc$2rdacarrier
=500  \\$aTitle on spreadsheet: "Les Americains a Paris Pendant La Revolution."
=932  2\$aHorward Collection$9LOCAL
=936  1\$aHorward, Donald D.,$edonor$9LOCAL
=949  \\$aFTaSU$bFSUSP$cREVIEW$9LOCAL

