=LDR  00820nam a2200217Mi 4500
=008  \\\\\\suuuu\\\\xx\\\\\\\\\\\\000\0\\\\\d
=040  \\$aFDA$beng$cFDA
=035  \\$a(FSUSCA)Horward_Row_2_Section_10_1733
=049  \\$lHorward_Row_2_Section_10_1733
=110  2\$aLa Decouverte
=245  10$aLes Colloques du Bicententaire /$cLa Decouverte
=264  \1$a[Place of publication not identified] :$bInstitut D'Histoire de la Revolution Francaise,$c[date of publication not identified]
=300  \\$avolume
=336  \\$atext$btxt$2rdacontent
=337  \\$aunmediated$bn$2rdamedia
=338  \\$avolume$bnc$2rdacarrier
=500  \\$aTitle on spreadsheet: "Les Colloques du Bicententaire."
=500  \\$aEphemera.
=932  2\$aHorward Collection$9LOCAL
=936  1\$aHorward, Donald D.,$edonor$9LOCAL
=949  \\$aFTaSU$bFSUSP$cREVIEW$9LOCAL

