=LDR  00765nam a2200217Mi 4500
=008  \\\\\\s1908\\\\xx\\\\\\\\\\\\000\0\\\\\d
=040  \\$aFDA$beng$cFDA
=035  \\$a(FSUSCA)Horward_Row_4_Section_8_2654
=049  \\$lHorward_Row_4_Section_8_2654
=100  1\$aFremeaux
=245  10$aLes Derniers Jours de L'Empereur /$cFremeaux
=264  \1$a[Place of publication not identified] :$bFlammarion,$c1908
=300  \\$avolume
=336  \\$atext$btxt$2rdacontent
=337  \\$aunmediated$bn$2rdamedia
=338  \\$avolume$bnc$2rdacarrier
=500  \\$aTitle on spreadsheet: "Les Derniers Jours de L'Empereur."
=500  \\$aWrapped in white tissue paper.
=932  2\$aHorward Collection$9LOCAL
=936  1\$aHorward, Donald D.,$edonor$9LOCAL
=949  \\$aFTaSU$bFSUSP$cREVIEW$9LOCAL

