=LDR  00809nam a2200217Mi 4500
=008  \\\\\\s1898\\\\xx\\\\\\\\\\\\000\0\\\\\d
=040  \\$aFDA$beng$cFDA
=035  \\$a(FSUSCA)Horward_Row_4_Section_6_2294
=049  \\$lHorward_Row_4_Section_6_2294
=100  1\$aDr. Antommarchi
=245  10$aLes Derniers Moments de Napoleon (1819-1821).$nVol. I /$cDr. Antommarchi
=264  \1$a[Place of publication not identified] :$bGarnier Freres,$c1898
=300  \\$avolume
=336  \\$atext$btxt$2rdacontent
=337  \\$aunmediated$bn$2rdamedia
=338  \\$avolume$bnc$2rdacarrier
=500  \\$aTitle on spreadsheet: "Les Derniers Moments de Napoleon (1819-1821), Vol. I."
=500  \\$aCustom binding.
=932  2\$aHorward Collection$9LOCAL
=936  1\$aHorward, Donald D.,$edonor$9LOCAL
=949  \\$aFTaSU$bFSUSP$cREVIEW$9LOCAL

