=LDR  00790nam a2200217Mi 4500
=008  \\\\\\s1947\\\\xx\\\\\\\\\\\\000\0\\\\\d
=040  \\$aFDA$beng$cFDA
=035  \\$a(FSUSCA)Horward_Row_4_Section_6_2216
=049  \\$lHorward_Row_4_Section_6_2216
=100  1\$aLenotre, G.
=245  10$aLes Fils de Philippe-Egalite, pendant la Terreur /$cG. Lenotre
=264  \1$a[Place of publication not identified] :$bPerrin et Cie,$c1947
=300  \\$avolume
=336  \\$atext$btxt$2rdacontent
=337  \\$aunmediated$bn$2rdamedia
=338  \\$avolume$bnc$2rdacarrier
=500  \\$aTitle on spreadsheet: "Les Fils de Philippe-Egalite, pendant la Terreur."
=500  \\$aCustom binding.
=932  2\$aHorward Collection$9LOCAL
=936  1\$aHorward, Donald D.,$edonor$9LOCAL
=949  \\$aFTaSU$bFSUSP$cREVIEW$9LOCAL

