=LDR  00793nam a2200229Mi 4500
=008  \\\\\\s1880\\\\xx\\\\\\\\\\\\000\0\\\\\d
=040  \\$aFDA$beng$cFDA
=035  \\$a(FSUSCA)Horward_Row_2_Section_3_475
=049  \\$lHorward_Row_2_Section_3_475
=100  1\$aRoy, J. J. E.
=245  10$aLes Francais en Espagne (1808-1814) /$cJ. J. E. Roy
=250  \\$aNew?
=264  \1$a[Place of publication not identified] :$bAlfred Mame et Fils,$c1880
=300  \\$avolume
=336  \\$atext$btxt$2rdacontent
=337  \\$aunmediated$bn$2rdamedia
=338  \\$avolume$bnc$2rdacarrier
=500  \\$aTitle on spreadsheet: "Les Francais en Espagne (1808-1814)."
=500  \\$aCustom binding.
=932  2\$aHorward Collection$9LOCAL
=936  1\$aHorward, Donald D.,$edonor$9LOCAL
=949  \\$aFTaSU$bFSUSP$cREVIEW$9LOCAL

