=LDR  00748nam a2200217Mi 4500
=008  \\\\\\s1872\\\\xx\\\\\\\\\\\\000\0\\\\\d
=040  \\$aFDA$beng$cFDA
=035  \\$a(FSUSCA)Horward_Row_2_Section_3_427
=049  \\$lHorward_Row_2_Section_3_427
=100  1\$aLe Bon Ernouf
=245  10$aLes Francais en Prusse (1807-1808)
=264  \1$a[Place of publication not identified] :$bDidier et Cie,$c1872
=300  \\$avolume
=336  \\$atext$btxt$2rdacontent
=337  \\$aunmediated$bn$2rdamedia
=338  \\$avolume$bnc$2rdacarrier
=500  \\$aTitle on spreadsheet: "Les Francais en Prusse (1807-1808)."
=500  \\$aCustom binding.
=932  2\$aHorward Collection$9LOCAL
=936  1\$aHorward, Donald D.,$edonor$9LOCAL
=949  \\$aFTaSU$bFSUSP$cREVIEW$9LOCAL

