=LDR  00807nam a2200229Mi 4500
=008  \\\\\\s1947\\\\xx\\\\\\\\\\\\000\0\\\\\d
=040  \\$aFDA$beng$cFDA
=035  \\$a(FSUSCA)Horward_Row_2_Section_6_953
=049  \\$lHorward_Row_2_Section_6_953
=100  1\$aSix, Georges
=245  10$aLes Generaux de la Revolution et de l'Empire /$cGeorges Six
=264  \1$a[Place of publication not identified] :$bBordas,$c1947
=300  \\$avolume
=336  \\$atext$btxt$2rdacontent
=337  \\$aunmediated$bn$2rdamedia
=338  \\$avolume$bnc$2rdacarrier
=500  \\$aTitle on spreadsheet: "Les Generaux de la Revolution et de l'Empire."
=500  \\$aCustom binding.
=500  \\$aLoose material.
=932  2\$aHorward Collection$9LOCAL
=936  1\$aHorward, Donald D.,$edonor$9LOCAL
=949  \\$aFTaSU$bFSUSP$cREVIEW$9LOCAL

