=LDR  00746nam a2200205Mi 4500
=008  \\\\\\s1911\\\\xx\\\\\\\\\\\\000\0\\\\\d
=040  \\$aFDA$beng$cFDA
=035  \\$a(FSUSCA)Horward_Row_2_Section_11_1865
=049  \\$lHorward_Row_2_Section_11_1865
=100  1\$aSavine, Albert
=245  10$aLes Geoles de Province Sous la Terreur /$cAlbert Savine
=264  \1$a[Place of publication not identified] :$bLouis-Michaud,$c1911
=300  \\$avolume
=336  \\$atext$btxt$2rdacontent
=337  \\$aunmediated$bn$2rdamedia
=338  \\$avolume$bnc$2rdacarrier
=500  \\$aTitle on spreadsheet: "Les Geoles de Province Sous la Terreur."
=932  2\$aHorward Collection$9LOCAL
=936  1\$aHorward, Donald D.,$edonor$9LOCAL
=949  \\$aFTaSU$bFSUSP$cREVIEW$9LOCAL

