=LDR  00737nam a2200205Mi 4500
=008  \\\\\\s1914\\\\xx\\\\\\\\\\\\000\0\\\\\d
=040  \\$aFDA$beng$cFDA
=035  \\$a(FSUSCA)Horward_Row_2_Section_8_1331
=049  \\$lHorward_Row_2_Section_8_1331
=100  1\$aAndriot, Rene
=245  10$aLes Grandes Hommes de Guerre, Ney /$cRene andriot
=264  \1$a[Place of publication not identified] :$bLibrairie Chapelot,$c1914
=300  \\$avolume
=336  \\$atext$btxt$2rdacontent
=337  \\$aunmediated$bn$2rdamedia
=338  \\$avolume$bnc$2rdacarrier
=500  \\$aTitle on spreadsheet: "Les Grandes Hommes de Guerre: Ney."
=932  2\$aHorward Collection$9LOCAL
=936  1\$aHorward, Donald D.,$edonor$9LOCAL
=949  \\$aFTaSU$bFSUSP$cREVIEW$9LOCAL

