=LDR  00826nam a2200217Mi 4500
=008  \\\\\\suuuu\\\\xx\\\\\\\\\\\\000\0\\\\\d
=040  \\$aFDA$beng$cFDA
=035  \\$a(FSUSCA)Horward_Row_2_Section_9_1625
=049  \\$lHorward_Row_2_Section_9_1625
=100  1\$aMartin, Francois Michel
=245  10$aLes Nouveaux Pasteurs sont ils des intrus? /$cFrancois Michel Martin
=250  \\$aSecond Edition
=264  \1$a[Place of publication not identified] :$bRennes,$c[date of publication not identified]
=300  \\$avolume
=336  \\$atext$btxt$2rdacontent
=337  \\$aunmediated$bn$2rdamedia
=338  \\$avolume$bnc$2rdacarrier
=500  \\$aTitle on spreadsheet: "Les Nouveaux Pasteurs sont ils des intrus?."
=932  2\$aHorward Collection$9LOCAL
=936  1\$aHorward, Donald D.,$edonor$9LOCAL
=949  \\$aFTaSU$bFSUSP$cREVIEW$9LOCAL

