=LDR  00757nam a2200205Mi 4500
=008  \\\\\\s1883\\\\xx\\\\\\\\\\\\000\0\\\\\d
=040  \\$aFDA$beng$cFDA
=035  \\$a(FSUSCA)Horward_Row_2_Section_1_144
=049  \\$lHorward_Row_2_Section_1_144
=100  1\$aAlbert, Pierre Emmanuel
=245  10$aLes Rois Freres de Napoleon /$cAlbert, Pierre Emmanuel
=264  \1$a[Place of publication not identified] :$bLibrairie Germer Bailliere et C,$c1883
=300  \\$avolume
=336  \\$atext$btxt$2rdacontent
=337  \\$aunmediated$bn$2rdamedia
=338  \\$avolume$bnc$2rdacarrier
=500  \\$aTitle on spreadsheet: "Les Rois Freres de Napoleon."
=932  2\$aHorward Collection$9LOCAL
=936  1\$aHorward, Donald D.,$edonor$9LOCAL
=949  \\$aFTaSU$bFSUSP$cREVIEW$9LOCAL

