=LDR  00879nam a2200205Mi 4500
=008  \\\\\\s1968\\\\xx\\\\\\\\\\\\000\0\\\\\d
=040  \\$aFDA$beng$cFDA
=035  \\$a(FSUSCA)Horward_Row_2_Section_8_1347
=049  \\$lHorward_Row_2_Section_8_1347
=100  1\$aSoboul, Albert
=245  10$aLes Sans-Culottes Parisiens en l'an II, Movement populaire gouvernement revolutionnaire (1793-1794) /$cAlbert Soboul
=264  \1$a[Place of publication not identified] :$b[publisher not identified],$c1968
=300  \\$avolume
=336  \\$atext$btxt$2rdacontent
=337  \\$aunmediated$bn$2rdamedia
=338  \\$avolume$bnc$2rdacarrier
=500  \\$aTitle on spreadsheet: "Les Sans-Culottes Parisiens en l'an II: Movement populaire gouvernement revolutionnaire (1793-1794)."
=932  2\$aHorward Collection$9LOCAL
=936  1\$aHorward, Donald D.,$edonor$9LOCAL
=949  \\$aFTaSU$bFSUSP$cREVIEW$9LOCAL

