=LDR  00759nam a2200217Mi 4500
=008  \\\\\\s1908\\\\xx\\\\\\\\\\\\000\0\\\\\d
=040  \\$aFDA$beng$cFDA
=035  \\$a(FSUSCA)Horward_Row_4_Section_7_2500
=049  \\$lHorward_Row_4_Section_7_2500
=100  1\$aCocuaud, Camille
=245  10$aLes Souffrances de l'Aiglon /$cCamille Cocuaud
=264  \1$a[Place of publication not identified] :$bCocuaud et cie,$c1908
=300  \\$avolume
=336  \\$atext$btxt$2rdacontent
=337  \\$aunmediated$bn$2rdamedia
=338  \\$avolume$bnc$2rdacarrier
=500  \\$aTitle on spreadsheet: "Les Souffrances de l'Aiglon."
=500  \\$aCustom binding.
=932  2\$aHorward Collection$9LOCAL
=936  1\$aHorward, Donald D.,$edonor$9LOCAL
=949  \\$aFTaSU$bFSUSP$cREVIEW$9LOCAL

