=LDR  00764nam a2200205Mi 4500
=008  \\\\\\s1961\\\\xx\\\\\\\\\\\\000\0\\\\\d
=040  \\$aFDA$beng$cFDA
=035  \\$a(FSUSCA)Horward_Row_2_Section_1_156
=049  \\$lHorward_Row_2_Section_1_156
=100  1\$aHoward, John Edward
=245  10$aLetters and Documents of Napoleon.$nvol.1 /$cHoward, John Edward (tr.)
=264  \1$a[Place of publication not identified] :$bCresset Press,$c1961
=300  \\$avolume
=336  \\$atext$btxt$2rdacontent
=337  \\$aunmediated$bn$2rdamedia
=338  \\$avolume$bnc$2rdacarrier
=500  \\$aTitle on spreadsheet: "Letters and Documents of Napoleon, vol.1."
=932  2\$aHorward Collection$9LOCAL
=936  1\$aHorward, Donald D.,$edonor$9LOCAL
=949  \\$aFTaSU$bFSUSP$cREVIEW$9LOCAL

