=LDR  00884nam a2200205Mi 4500
=008  \\\\\\s2004\\\\xx\\\\\\\\\\\\000\0\\\\\d
=040  \\$aFDA$beng$cFDA
=035  \\$a(FSUSCA)Horward_Row_2_Section_11_1994
=049  \\$lHorward_Row_2_Section_11_1994
=100  1\$aClover, Gareth
=245  10$aLetters from the Battle of Waterloo, Unpublished Correspondence by Allied Officers from the Siborne Papers /$cGareth Clover
=264  \1$a[Place of publication not identified] :$bGreenhill Books,$c2004
=300  \\$avolume
=336  \\$atext$btxt$2rdacontent
=337  \\$aunmediated$bn$2rdamedia
=338  \\$avolume$bnc$2rdacarrier
=500  \\$aTitle on spreadsheet: "Letters from the Battle of Waterloo: Unpublished Correspondence by Allied Officers from the Siborne Papers."
=932  2\$aHorward Collection$9LOCAL
=936  1\$aHorward, Donald D.,$edonor$9LOCAL
=949  \\$aFTaSU$bFSUSP$cREVIEW$9LOCAL

