=LDR  00761nam a2200217Mi 4500
=008  \\\\\\s1893\\\\xx\\\\\\\\\\\\000\0\\\\\d
=040  \\$aFDA$beng$cFDA
=035  \\$a(FSUSCA)Horward_Row_2_Section_6_1020
=049  \\$lHorward_Row_2_Section_6_1020
=100  1\$aWeigall, Lady Rose
=245  14$aThe Letters of Lady Burghersh /$cLady Rose Weigall
=264  \1$a[Place of publication not identified] :$bJohn Murray,$c1893
=300  \\$avolume
=336  \\$atext$btxt$2rdacontent
=337  \\$aunmediated$bn$2rdamedia
=338  \\$avolume$bnc$2rdacarrier
=500  \\$aTitle on spreadsheet: "The Letters of Lady Burghersh."
=500  \\$aLoose pages.
=932  2\$aHorward Collection$9LOCAL
=936  1\$aHorward, Donald D.,$edonor$9LOCAL
=949  \\$aFTaSU$bFSUSP$cREVIEW$9LOCAL

