=LDR  00755nam a2200217Mi 4500
=008  \\\\\\s1913\\\\xx\\\\\\\\\\\\000\0\\\\\d
=040  \\$aFDA$beng$cFDA
=035  \\$a(FSUSCA)Horward_Row_2_Section_7_1191
=049  \\$lHorward_Row_2_Section_7_1191
=100  1\$aFersen
=245  14$aThe Letters of Marie Antoinette /$cFersen and Barnave
=264  \1$a[Place of publication not identified] :$bFrank Maurice Inc,$c1913
=300  \\$avolume
=336  \\$atext$btxt$2rdacontent
=337  \\$aunmediated$bn$2rdamedia
=338  \\$avolume$bnc$2rdacarrier
=500  \\$aTitle on spreadsheet: "The Letters of Marie Antoinette."
=700  1\$aBarnave
=932  2\$aHorward Collection$9LOCAL
=936  1\$aHorward, Donald D.,$edonor$9LOCAL
=949  \\$aFTaSU$bFSUSP$cREVIEW$9LOCAL

