=LDR  00851nam a2200205Mi 4500
=008  \\\\\\s1979\\\\xx\\\\\\\\\\\\000\0\\\\\d
=040  \\$aFDA$beng$cFDA
=035  \\$a(FSUSCA)Horward_Row_2_Section_4_643
=049  \\$lHorward_Row_2_Section_4_643
=100  1\$aBeaucour, Fernand Emile
=245  10$aLettres, Decisions et Actes de Napoleon a Pont-de-Britiques /$cFernand Emile Beaucour
=264  \1$a[Place of publication not identified] :$bSociete de Sauvegarde du Chateau Imperial de Pont-de-Britiques,$c1979
=300  \\$avolume
=336  \\$atext$btxt$2rdacontent
=337  \\$aunmediated$bn$2rdamedia
=338  \\$avolume$bnc$2rdacarrier
=500  \\$aTitle on spreadsheet: "Lettres, Decisions et Actes de Napoleon a Pont-de-Britiques."
=932  2\$aHorward Collection$9LOCAL
=936  1\$aHorward, Donald D.,$edonor$9LOCAL
=949  \\$aFTaSU$bFSUSP$cREVIEW$9LOCAL

