=LDR  00801nam a2200217Mi 4500
=008  \\\\\\s1935\\\\xx\\\\\\\\\\\\000\0\\\\\d
=040  \\$aFDA$beng$cFDA
=035  \\$a(FSUSCA)Horward_Row_2_Section_6_1044
=049  \\$lHorward_Row_2_Section_6_1044
=100  1\$aMadelin, Louis
=245  10$aLettres Inedites de Napoleon I a Marie-Louise /$cLouis Madelin
=264  \1$a[Place of publication not identified] :$bBibliotheques Nationales,$c1935
=300  \\$avolume
=336  \\$atext$btxt$2rdacontent
=337  \\$aunmediated$bn$2rdamedia
=338  \\$avolume$bnc$2rdacarrier
=500  \\$aTitle on spreadsheet: "Lettres Inedites de Napoleon I a Marie-Louise."
=500  \\$aCustom binding.
=932  2\$aHorward Collection$9LOCAL
=936  1\$aHorward, Donald D.,$edonor$9LOCAL
=949  \\$aFTaSU$bFSUSP$cREVIEW$9LOCAL

