=LDR  00767nam a2200217Mi 4500
=008  \\\\\\s1897\\\\xx\\\\\\\\\\\\000\0\\\\\d
=040  \\$aFDA$beng$cFDA
=035  \\$a(FSUSCA)Horward_Row_2_Section_7_1193
=049  \\$lHorward_Row_2_Section_7_1193
=100  1\$aLecestre, Leon
=245  10$aLettres Inedites de Napoleon Ier.$nVol 1 /$cLeon Lecestre
=250  \\$a2nd Edition
=264  \1$a[Place of publication not identified] :$bLibrary Plon,$c1897
=300  \\$avolume
=336  \\$atext$btxt$2rdacontent
=337  \\$aunmediated$bn$2rdamedia
=338  \\$avolume$bnc$2rdacarrier
=500  \\$aTitle on spreadsheet: "Lettres Inedites de Napoleon Ier."
=932  2\$aHorward Collection$9LOCAL
=936  1\$aHorward, Donald D.,$edonor$9LOCAL
=949  \\$aFTaSU$bFSUSP$cREVIEW$9LOCAL

