=LDR  00878nam a2200229Mi 4500
=008  \\\\\\s1939\\\\xx\\\\\\\\\\\\000\0\\\\\d
=040  \\$aFDA$beng$cFDA
=035  \\$a(FSUSCA)Horward_Row_2_Section_3_465
=049  \\$lHorward_Row_2_Section_3_465
=100  1\$aLe Prince Napoleon
=245  10$aLettres personnelles des Souverains a L'Empereur Napoleon 1er /$cLe Prince Napoleon et Jean Hanoteau
=264  \1$a[Place of publication not identified] :$bLibrairie Plon,$c1939
=300  \\$avolume
=336  \\$atext$btxt$2rdacontent
=337  \\$aunmediated$bn$2rdamedia
=338  \\$avolume$bnc$2rdacarrier
=500  \\$aTitle on spreadsheet: "Lettres personnelles des Souverains a L'Empereur Napoleon 1er."
=500  \\$aCustom binding.
=700  1\$aHanoteau, Jean
=932  2\$aHorward Collection$9LOCAL
=936  1\$aHorward, Donald D.,$edonor$9LOCAL
=949  \\$aFTaSU$bFSUSP$cREVIEW$9LOCAL

