=LDR  00904nam a2200229Mi 4500
=008  \\\\\\s2001\\\\xx\\\\\\\\\\\\000\0\\\\\d
=040  \\$aFDA$beng$cFDA
=035  \\$a(FSUSCA)Horward_Row_4_Section_7_2478
=049  \\$lHorward_Row_4_Section_7_2478
=100  1\$aCenser, Jack R.
=245  10$aLIberty, Equality, and Fraternity, Exploring the French Revolution /$cJack R. Censer and Lynn Hunt
=264  \1$a[Place of publication not identified] :$bPennsylvania State University Press,$c2001
=300  \\$avolume
=336  \\$atext$btxt$2rdacontent
=337  \\$aunmediated$bn$2rdamedia
=338  \\$avolume$bnc$2rdacarrier
=500  \\$aTitle on spreadsheet: "LIberty, Equality, and Fraternity: Exploring the French Revolution."
=500  \\$aLetter from publisher.
=700  1\$aHunt, Lynn
=932  2\$aHorward Collection$9LOCAL
=936  1\$aHorward, Donald D.,$edonor$9LOCAL
=949  \\$aFTaSU$bFSUSP$cREVIEW$9LOCAL

