=LDR  00770nam a2200217Mi 4500
=008  \\\\\\s1963\\\\xx\\\\\\\\\\\\000\0\\\\\d
=040  \\$aFDA$beng$cFDA
=035  \\$a(FSUSCA)Horward_Row_4_Section_7_2480
=049  \\$lHorward_Row_4_Section_7_2480
=100  1\$aPadover, Saul K.
=245  14$aThe Life and Death of Louis XVI /$cSaul K. Padover
=264  \1$a[Place of publication not identified] :$bAlvin Redman,$c1963
=300  \\$avolume
=336  \\$atext$btxt$2rdacontent
=337  \\$aunmediated$bn$2rdamedia
=338  \\$avolume$bnc$2rdacarrier
=500  \\$aTitle on spreadsheet: "The Life and Death of Louis XVI."
=500  \\$aSleeve on backwards.
=932  2\$aHorward Collection$9LOCAL
=936  1\$aHorward, Donald D.,$edonor$9LOCAL
=949  \\$aFTaSU$bFSUSP$cREVIEW$9LOCAL

