=LDR  00789nam a2200205Mi 4500
=008  \\\\\\s1988\\\\xx\\\\\\\\\\\\000\0\\\\\d
=040  \\$aFDA$beng$cFDA
=035  \\$a(FSUSCA)Horward_Row_4_Section_5_2125
=049  \\$lHorward_Row_4_Section_5_2125
=100  1\$aEttore, Anthony Joseph
=245  14$aThe Life and Military Career of Robert Craufurd /$cAnthony Joseph Ettore
=264  \1$a[Place of publication not identified] :$bFlorida State University,$c1988
=300  \\$avolume
=336  \\$atext$btxt$2rdacontent
=337  \\$aunmediated$bn$2rdamedia
=338  \\$avolume$bnc$2rdacarrier
=500  \\$aTitle on spreadsheet: "The Life and Military Career of Robert Craufurd."
=932  2\$aHorward Collection$9LOCAL
=936  1\$aHorward, Donald D.,$edonor$9LOCAL
=949  \\$aFTaSU$bFSUSP$cREVIEW$9LOCAL

