=LDR  00947nam a2200205Mi 4500
=008  \\\\\\s1997\\\\xx\\\\\\\\\\\\000\0\\\\\d
=040  \\$aFDA$beng$cFDA
=035  \\$a(FSUSCA)Horward_Row_2_Section_12_2058
=049  \\$lHorward_Row_2_Section_12_2058
=100  1\$aHaynsworth, James Lafayette IV
=245  14$aThe Life and Times of Lieutenant-General Jean Marie Joseph Donatien de Vimeur, Vicomte de Rochambeau, The Early Years /$cJames Lafayette Haynsworth IV
=264  \1$a[Place of publication not identified] :$bFlorida State University,$c1997
=300  \\$avolume
=336  \\$atext$btxt$2rdacontent
=337  \\$aunmediated$bn$2rdamedia
=338  \\$avolume$bnc$2rdacarrier
=500  \\$aTitle on spreadsheet: "The Life and Times of Lieutenant-General Jean Marie Joseph Donatien de Vimeur, Vicomte de Rochambeau: The Early Years."
=932  2\$aHorward Collection$9LOCAL
=936  1\$aHorward, Donald D.,$edonor$9LOCAL
=949  \\$aFTaSU$bFSUSP$cREVIEW$9LOCAL

