=LDR  00789nam a2200217Mi 4500
=008  \\\\\\s1966\\\\xx\\\\\\\\\\\\000\0\\\\\d
=040  \\$aFDA$beng$cFDA
=035  \\$a(FSUSCA)Horward_Row_4_Section_7_2350
=049  \\$lHorward_Row_4_Section_7_2350
=100  1\$aOrlandi, Enzo
=245  14$aThe Life and Times of Napoleon /$cEnzo Orlandi and C. J. Richards
=264  \1$a[Place of publication not identified] :$bCurtis Publishing Company,$c1966
=300  \\$avolume
=336  \\$atext$btxt$2rdacontent
=337  \\$aunmediated$bn$2rdamedia
=338  \\$avolume$bnc$2rdacarrier
=500  \\$aTitle on spreadsheet: "The Life and Times of Napoleon."
=700  1\$aRichards, C. J.
=932  2\$aHorward Collection$9LOCAL
=936  1\$aHorward, Donald D.,$edonor$9LOCAL
=949  \\$aFTaSU$bFSUSP$cREVIEW$9LOCAL

