=LDR  00754nam a2200205Mi 4500
=008  \\\\\\s1923\\\\xx\\\\\\\\\\\\000\0\\\\\d
=040  \\$aFDA$beng$cFDA
=035  \\$a(FSUSCA)Horward_Row_2_Section_8_1337
=049  \\$lHorward_Row_2_Section_8_1337
=100  1\$aBrownrigg, Beatrice
=245  14$aThe LifeLetters of Sir John Moore /$cBeatrice Brownrigg
=264  \1$a[Place of publication not identified] :$bOxford: Basil Blackwell,$c1923
=300  \\$avolume
=336  \\$atext$btxt$2rdacontent
=337  \\$aunmediated$bn$2rdamedia
=338  \\$avolume$bnc$2rdacarrier
=500  \\$aTitle on spreadsheet: "The LifeLetters of Sir John Moore."
=932  2\$aHorward Collection$9LOCAL
=936  1\$aHorward, Donald D.,$edonor$9LOCAL
=949  \\$aFTaSU$bFSUSP$cREVIEW$9LOCAL

