=LDR  00811nam a2200205Mi 4500
=008  \\\\\\s1929\\\\xx\\\\\\\\\\\\000\0\\\\\d
=040  \\$aFDA$beng$cFDA
=035  \\$a(FSUSCA)Horward_Row_4_Section_8_2560
=049  \\$lHorward_Row_4_Section_8_2560
=100  1\$aGardyne, C. Greenhill
=245  14$aThe Life of a Regiment The History of the Gordon Highlanders.$nVol 1 /$cC. Greenhill Gardyne
=264  \1$a[Place of publication not identified] :$bMedici Society,$c1929
=300  \\$avolume
=336  \\$atext$btxt$2rdacontent
=337  \\$aunmediated$bn$2rdamedia
=338  \\$avolume$bnc$2rdacarrier
=500  \\$aTitle on spreadsheet: "The Life of a Regiment The History of the Gordon Highlanders."
=932  2\$aHorward Collection$9LOCAL
=936  1\$aHorward, Donald D.,$edonor$9LOCAL
=949  \\$aFTaSU$bFSUSP$cREVIEW$9LOCAL

