=LDR  00814nam a2200217Mi 4500
=008  \\\\\\s1853\\\\xx\\\\\\\\\\\\000\0\\\\\d
=040  \\$aFDA$beng$cFDA
=035  \\$a(FSUSCA)Horward_Row_2_Section_6_908
=049  \\$lHorward_Row_2_Section_6_908
=100  1\$aBrowne, G. Lathom
=245  14$aThe Life of Arthur, Duke of Wellington /$cG. Lathom Browne, Esq.
=264  \1$a[Place of publication not identified] :$bSociety for Promoting Christian Knowledge,$c1853
=300  \\$avolume
=336  \\$atext$btxt$2rdacontent
=337  \\$aunmediated$bn$2rdamedia
=338  \\$avolume$bnc$2rdacarrier
=500  \\$aTitle on spreadsheet: "The Life of Arthur, Duke of Wellington."
=500  \\$aCustom binding.
=932  2\$aHorward Collection$9LOCAL
=936  1\$aHorward, Donald D.,$edonor$9LOCAL
=949  \\$aFTaSU$bFSUSP$cREVIEW$9LOCAL

