=LDR  00725nam a2200205Mi 4500
=008  \\\\\\s1927\\\\xx\\\\\\\\\\\\000\0\\\\\d
=040  \\$aFDA$beng$cFDA
=035  \\$a(FSUSCA)Horward_Row_4_Section_8_2567
=049  \\$lHorward_Row_4_Section_8_2567
=100  1\$aSherrard, O.A.
=245  14$aThe Life of Emma Hamilton /$cO.A. Sherrard
=264  \1$a[Place of publication not identified] :$bSidgwick and Jackson,$c1927
=300  \\$avolume
=336  \\$atext$btxt$2rdacontent
=337  \\$aunmediated$bn$2rdamedia
=338  \\$avolume$bnc$2rdacarrier
=500  \\$aTitle on spreadsheet: "The Life of Emma Hamilton."
=932  2\$aHorward Collection$9LOCAL
=936  1\$aHorward, Donald D.,$edonor$9LOCAL
=949  \\$aFTaSU$bFSUSP$cREVIEW$9LOCAL

