=LDR  00864nam a2200217Mi 4500
=008  \\\\\\s1852\\\\xx\\\\\\\\\\\\000\0\\\\\d
=040  \\$aFDA$beng$cFDA
=035  \\$a(FSUSCA)Horward_Row_2_Section_8_1442
=049  \\$lHorward_Row_2_Section_8_1442
=100  1\$aStocquelter, J.H.
=245  14$aThe Life of Field Marshall the Duke of Wellington.$nVol. 1 /$cJ.H. Stocquelter
=264  \1$a[Place of publication not identified] :$bIngram, Cookie, and Co.,$c1852
=300  \\$avolume
=336  \\$atext$btxt$2rdacontent
=337  \\$aunmediated$bn$2rdamedia
=338  \\$avolume$bnc$2rdacarrier
=500  \\$aTitle on spreadsheet: "The Life of Field Marshall the Duke of Wellington Vol. 1."
=500  \\$aThe Life of Field Marshall the Duke of Wellington
=932  2\$aHorward Collection$9LOCAL
=936  1\$aHorward, Donald D.,$edonor$9LOCAL
=949  \\$aFTaSU$bFSUSP$cREVIEW$9LOCAL

