=LDR  00693nam a2200205Mi 4500
=008  \\\\\\s1845\\\\xx\\\\\\\\\\\\000\0\\\\\d
=040  \\$aFDA$beng$cFDA
=035  \\$a(FSUSCA)Horward_Row_2_Section_9_1611
=049  \\$lHorward_Row_2_Section_9_1611
=100  1\$aSidney
=245  14$aThe Life of Lord Hill /$cSidney
=264  \1$a[Place of publication not identified] :$bJohn Murray,$c1845
=300  \\$avolume
=336  \\$atext$btxt$2rdacontent
=337  \\$aunmediated$bn$2rdamedia
=338  \\$avolume$bnc$2rdacarrier
=500  \\$aTitle on spreadsheet: "The Life of Lord Hill."
=932  2\$aHorward Collection$9LOCAL
=936  1\$aHorward, Donald D.,$edonor$9LOCAL
=949  \\$aFTaSU$bFSUSP$cREVIEW$9LOCAL

