=LDR  00761nam a2200205Mi 4500
=008  \\\\\\s1808\\\\xx\\\\\\\\\\\\000\0\\\\\d
=040  \\$aFDA$beng$cFDA
=035  \\$a(FSUSCA)Horward_Row_4_Section_6_2153
=049  \\$lHorward_Row_4_Section_6_2153
=100  1\$aChurchill, T.O.
=245  14$aThe Life of Lord Viscount, Duke of Bronte /$cT.O. Churchill
=264  \1$a[Place of publication not identified] :$bT. Bensley, Bolt Court,$c1808
=300  \\$avolume
=336  \\$atext$btxt$2rdacontent
=337  \\$aunmediated$bn$2rdamedia
=338  \\$avolume$bnc$2rdacarrier
=500  \\$aTitle on spreadsheet: "The Life of Lord Viscount: Duke of Bronte."
=932  2\$aHorward Collection$9LOCAL
=936  1\$aHorward, Donald D.,$edonor$9LOCAL
=949  \\$aFTaSU$bFSUSP$cREVIEW$9LOCAL

