=LDR  00716nam a2200205Mi 4500
=008  \\\\\\s1824\\\\xx\\\\\\\\\\\\000\0\\\\\d
=040  \\$aFDA$beng$cFDA
=035  \\$a(FSUSCA)Horward_Row_2_Section_2_168
=049  \\$lHorward_Row_2_Section_2_168
=100  1\$aLockhart, John Gibson
=245  10$aLife of Napoleon /$cJohn Gibson Lockhart
=264  \1$a[Place of publication not identified] :$bPorter and Coates,$c1824
=300  \\$avolume
=336  \\$atext$btxt$2rdacontent
=337  \\$aunmediated$bn$2rdamedia
=338  \\$avolume$bnc$2rdacarrier
=500  \\$aTitle on spreadsheet: "Life of Napoleon."
=932  2\$aHorward Collection$9LOCAL
=936  1\$aHorward, Donald D.,$edonor$9LOCAL
=949  \\$aFTaSU$bFSUSP$cREVIEW$9LOCAL

