=LDR  00814nam a2200217Mi 4500
=008  \\\\\\s1827\\\\xx\\\\\\\\\\\\000\0\\\\\d
=040  \\$aFDA$beng$cFDA
=035  \\$a(FSUSCA)Horward_Row_2_Section_3_542
=049  \\$lHorward_Row_2_Section_3_542
=245  04$aThe Life of Napoleon Buonaparte, Emperor of the French.$nVol. IV
=250  \\$a2nd
=264  \1$a[Place of publication not identified] :$bBallantpne and Co.,$c1827
=300  \\$avolume
=336  \\$atext$btxt$2rdacontent
=337  \\$aunmediated$bn$2rdamedia
=338  \\$avolume$bnc$2rdacarrier
=500  \\$aTitle on spreadsheet: "The Life of Napoleon Buonaparte, Emperor of the French, Vol. IV."
=500  \\$aMay contain custom binding.
=932  2\$aHorward Collection$9LOCAL
=936  1\$aHorward, Donald D.,$edonor$9LOCAL
=949  \\$aFTaSU$bFSUSP$cREVIEW$9LOCAL

