=LDR  00952nam a2200205Mi 4500
=008  \\\\\\suuuu\\\\xx\\\\\\\\\\\\000\0\\\\\d
=040  \\$aFDA$beng$cFDA
=035  \\$a(FSUSCA)Horward_Row_2_Section_8_1411
=049  \\$lHorward_Row_2_Section_8_1411
=100  1\$aTucker, John Montmorency
=245  14$aThe Life of the Duke Wellington compiled from Despatches and other Authentic Sources and Original Documents /$cColonel John Montmorency Tucker
=264  \1$a[Place of publication not identified] :$bJames Blackwood and Co.,$c[date of publication not identified]
=300  \\$avolume
=336  \\$atext$btxt$2rdacontent
=337  \\$aunmediated$bn$2rdamedia
=338  \\$avolume$bnc$2rdacarrier
=500  \\$aTitle on spreadsheet: "The Life of the Duke Wellington compiled from Despatches and other Authentic Sources and Original Documents."
=932  2\$aHorward Collection$9LOCAL
=936  1\$aHorward, Donald D.,$edonor$9LOCAL
=949  \\$aFTaSU$bFSUSP$cREVIEW$9LOCAL

