=LDR  00790nam a2200217Mi 4500
=008  \\\\\\s1980\\\\xx\\\\\\\\\\\\000\0\\\\\d
=040  \\$aFDA$beng$cFDA
=035  \\$a(FSUSCA)Horward_Row_2_Section_8_1384
=049  \\$lHorward_Row_2_Section_8_1384
=100  1\$aNorris, A.H.
=245  14$aThe Lines of Torres Vedras /$cA.H. Norris and R. W. Bremner
=264  \1$a[Place of publication not identified] :$bBritish Historical Society of Portugal,$c1980
=300  \\$avolume
=336  \\$atext$btxt$2rdacontent
=337  \\$aunmediated$bn$2rdamedia
=338  \\$avolume$bnc$2rdacarrier
=500  \\$aTitle on spreadsheet: "The Lines of Torres Vedras."
=700  1\$aBremner, R. W.
=932  2\$aHorward Collection$9LOCAL
=936  1\$aHorward, Donald D.,$edonor$9LOCAL
=949  \\$aFTaSU$bFSUSP$cREVIEW$9LOCAL

