=LDR  00766nam a2200217Mi 4500
=008  \\\\\\s1986\\\\xx\\\\\\\\\\\\000\0\\\\\d
=040  \\$aFDA$beng$cFDA
=035  \\$a(FSUSCA)Horward_Row_2_Section_9_1519
=049  \\$lHorward_Row_2_Section_9_1519
=100  1\$aHorris
=245  14$aThe Lines of Torres Vedras /$cHorris and Bremner
=264  \1$a[Place of publication not identified] :$bBritish Historical Society of Portugal,$c1986
=300  \\$avolume
=336  \\$atext$btxt$2rdacontent
=337  \\$aunmediated$bn$2rdamedia
=338  \\$avolume$bnc$2rdacarrier
=500  \\$aTitle on spreadsheet: "The Lines of Torres Vedras."
=700  1\$aBremner
=932  2\$aHorward Collection$9LOCAL
=936  1\$aHorward, Donald D.,$edonor$9LOCAL
=949  \\$aFTaSU$bFSUSP$cREVIEW$9LOCAL

