=LDR  00799nam a2200217Mi 4500
=008  \\\\\\s1793\\\\xx\\\\\\\\\\\\000\0\\\\\d
=040  \\$aFDA$beng$cFDA
=035  \\$a(FSUSCA)Horward_Row_4_Section_8_2650
=049  \\$lHorward_Row_4_Section_8_2650
=245  00$aListe Generale par ordre alphabetique des Empigres
=264  \1$a[Place of publication not identified] :$bFrench Republic,$c1793
=300  \\$avolume
=336  \\$atext$btxt$2rdacontent
=337  \\$aunmediated$bn$2rdamedia
=338  \\$avolume$bnc$2rdacarrier
=500  \\$aTitle on spreadsheet: "Liste Generale par ordre alphabetique des Empigres."
=500  \\$aWrapped in white tissue paper.
=500  \\$aLetters H-J-K
=932  2\$aHorward Collection$9LOCAL
=936  1\$aHorward, Donald D.,$edonor$9LOCAL
=949  \\$aFTaSU$bFSUSP$cREVIEW$9LOCAL

