=LDR  00815nam a2200205Mi 4500
=008  \\\\\\s1998\\\\xx\\\\\\\\\\\\000\0\\\\\d
=040  \\$aFDA$beng$cFDA
=035  \\$a(FSUSCA)Horward_Row_4_Section_7_2420
=049  \\$lHorward_Row_4_Section_7_2420
=100  1\$aRestagno, Josepha Costa
=245  10$aLoano 1795, Tra Francia e Italia Dall'Ancien Regime Ai Tempi Nuovi /$cJosepha Costa Restagno
=264  \1$a[Place of publication not identified] :$bBordighera,$c1998
=300  \\$avolume
=336  \\$atext$btxt$2rdacontent
=337  \\$aunmediated$bn$2rdamedia
=338  \\$avolume$bnc$2rdacarrier
=500  \\$aTitle on spreadsheet: "Loano 1795: Tra Francia e Italia Dall'Ancien Regime Ai Tempi Nuovi."
=932  2\$aHorward Collection$9LOCAL
=936  1\$aHorward, Donald D.,$edonor$9LOCAL
=949  \\$aFTaSU$bFSUSP$cREVIEW$9LOCAL

