=LDR  00884nam a2200217Mi 4500
=008  \\\\\\suuuu\\\\xx\\\\\\\\\\\\000\0\\\\\d
=040  \\$aFDA$beng$cFDA
=035  \\$a(FSUSCA)Horward_Row_2_Section_8_1353
=049  \\$lHorward_Row_2_Section_8_1353
=100  1\$aNewitt, Malyn
=245  10$aLord Beresford and British Intervention in Portugal 1807-1820 /$cMalyn Newitt and Martin Robson
=264  \1$a[Place of publication not identified] :$bImprensa de Ciencias Socials,$c[date of publication not identified]
=300  \\$avolume
=336  \\$atext$btxt$2rdacontent
=337  \\$aunmediated$bn$2rdamedia
=338  \\$avolume$bnc$2rdacarrier
=500  \\$aTitle on spreadsheet: "Lord Beresford and British Intervention in Portugal 1807-1820."
=700  1\$aRobson, Martin
=932  2\$aHorward Collection$9LOCAL
=936  1\$aHorward, Donald D.,$edonor$9LOCAL
=949  \\$aFTaSU$bFSUSP$cREVIEW$9LOCAL

