=LDR  00736nam a2200205Mi 4500
=008  \\\\\\s1961\\\\xx\\\\\\\\\\\\000\0\\\\\d
=040  \\$aFDA$beng$cFDA
=035  \\$a(FSUSCA)Horward_Row_4_Section_7_2462
=049  \\$lHorward_Row_4_Section_7_2462
=100  1\$aHerold, J. Christopher
=245  10$aLove in Five Temperaments /$cJ. Christopher Herold
=264  \1$a[Place of publication not identified] :$bHamish Hamilton,$c1961
=300  \\$avolume
=336  \\$atext$btxt$2rdacontent
=337  \\$aunmediated$bn$2rdamedia
=338  \\$avolume$bnc$2rdacarrier
=500  \\$aTitle on spreadsheet: "Love in Five Temperaments."
=932  2\$aHorward Collection$9LOCAL
=936  1\$aHorward, Donald D.,$edonor$9LOCAL
=949  \\$aFTaSU$bFSUSP$cREVIEW$9LOCAL

