=LDR  00810nam a2200205Mi 4500
=008  \\\\\\s1986\\\\xx\\\\\\\\\\\\000\0\\\\\d
=040  \\$aFDA$beng$cFDA
=035  \\$a(FSUSCA)Horward_Row_2_Section_11_1935
=049  \\$lHorward_Row_2_Section_11_1935
=100  1\$aEyck, F. Gunther
=245  10$aLoyal Rebels, Andreas Hofer and the Tyrolean Uprising of 1809 /$cF. Gunther Eyck
=264  \1$a[Place of publication not identified] :$bUniversity Press of America,$c1986
=300  \\$avolume
=336  \\$atext$btxt$2rdacontent
=337  \\$aunmediated$bn$2rdamedia
=338  \\$avolume$bnc$2rdacarrier
=500  \\$aTitle on spreadsheet: "Loyal Rebels: Andreas Hofer and the Tyrolean Uprising of 1809."
=932  2\$aHorward Collection$9LOCAL
=936  1\$aHorward, Donald D.,$edonor$9LOCAL
=949  \\$aFTaSU$bFSUSP$cREVIEW$9LOCAL

