=LDR  00799nam a2200229Mi 4500
=008  \\\\\\s1920\\\\xx\\\\\\\\\\\\000\0\\\\\d
=040  \\$aFDA$beng$cFDA
=035  \\$a(FSUSCA)Horward_Row_2_Section_4_(Right)_665
=049  \\$lHorward_Row_2_Section_4_(Right)_665
=100  1\$aMasson, Frederic
=245  10$aMadame Bonaparte (1796-1804) /$cFrederic Masson
=250  \\$aSecond
=264  \1$a[Place of publication not identified] :$bPaul Ollendorff,$c1920
=300  \\$avolume
=336  \\$atext$btxt$2rdacontent
=337  \\$aunmediated$bn$2rdamedia
=338  \\$avolume$bnc$2rdacarrier
=500  \\$aTitle on spreadsheet: "Madame Bonaparte (1796-1804)."
=500  \\$aCustom binding.
=932  2\$aHorward Collection$9LOCAL
=936  1\$aHorward, Donald D.,$edonor$9LOCAL
=949  \\$aFTaSU$bFSUSP$cREVIEW$9LOCAL

