=LDR  00823nam a2200217Mi 4500
=008  \\\\\\s1881\\\\xx\\\\\\\\\\\\000\0\\\\\d
=040  \\$aFDA$beng$cFDA
=035  \\$a(FSUSCA)Horward_Row_4_Section_7_2413
=049  \\$lHorward_Row_4_Section_7_2413
=100  1\$aStevens, Abel
=245  10$aMadame de Stael , A Study of Her Life and Times.$nVol. I /$cAbel Stevens
=264  \1$a[Place of publication not identified] :$bHarper and Brothers,$c1881
=300  \\$avolume
=336  \\$atext$btxt$2rdacontent
=337  \\$aunmediated$bn$2rdamedia
=338  \\$avolume$bnc$2rdacarrier
=500  \\$aTitle on spreadsheet: "Madame de Stael : A Study of Her Life and Times, Vol. I."
=500  \\$aWrapped in paper cover.
=932  2\$aHorward Collection$9LOCAL
=936  1\$aHorward, Donald D.,$edonor$9LOCAL
=949  \\$aFTaSU$bFSUSP$cREVIEW$9LOCAL

