=LDR  00759nam a2200217Mi 4500
=008  \\\\\\s1892\\\\xx\\\\\\\\\\\\000\0\\\\\d
=040  \\$aFDA$beng$cFDA
=035  \\$a(FSUSCA)Horward_Row_2_Section_6_1010
=049  \\$lHorward_Row_2_Section_6_1010
=100  1\$aLe Barron Larrey
=245  10$aMadame Mere (Mater Napoleonis).$nVol. II
=264  \1$a[Place of publication not identified] :$bE. Dentu,$c1892
=300  \\$avolume
=336  \\$atext$btxt$2rdacontent
=337  \\$aunmediated$bn$2rdamedia
=338  \\$avolume$bnc$2rdacarrier
=500  \\$aTitle on spreadsheet: "Madame Mere (Mater Napoleonis), Vol. II."
=500  \\$aCustom binding.
=932  2\$aHorward Collection$9LOCAL
=936  1\$aHorward, Donald D.,$edonor$9LOCAL
=949  \\$aFTaSU$bFSUSP$cREVIEW$9LOCAL

