=LDR  00750nam a2200217Mi 4500
=008  \\\\\\s1924\\\\xx\\\\\\\\\\\\000\0\\\\\d
=040  \\$aFDA$beng$cFDA
=035  \\$a(FSUSCA)Horward_Row_2_Section_6_1024
=049  \\$lHorward_Row_2_Section_6_1024
=100  1\$aHerriot, Edouard
=245  10$aMadame Recamier et Ses Amis /$cEdouard Herriot
=264  \1$a[Place of publication not identified] :$bPayot,$c1924
=300  \\$avolume
=336  \\$atext$btxt$2rdacontent
=337  \\$aunmediated$bn$2rdamedia
=338  \\$avolume$bnc$2rdacarrier
=500  \\$aTitle on spreadsheet: "Madame Recamier et Ses Amis."
=500  \\$aCustom binding.
=932  2\$aHorward Collection$9LOCAL
=936  1\$aHorward, Donald D.,$edonor$9LOCAL
=949  \\$aFTaSU$bFSUSP$cREVIEW$9LOCAL

