=LDR  00878nam a2200217Mi 4500
=008  \\\\\\suuuu\\\\xx\\\\\\\\\\\\000\0\\\\\d
=040  \\$aFDA$beng$cFDA
=035  \\$a(FSUSCA)Horward_Row_2_Section_6_1018
=049  \\$lHorward_Row_2_Section_6_1018
=100  1\$aLeduc, Saint-Germain
=245  10$aMadame Sans Gene, Les Campagnes de Therese Figueur 1793-1815 /$cSaint-Germain Leduc
=264  \1$a[Place of publication not identified] :$bLibrairie Guillaumin et cie,$c[date of publication not identified]
=300  \\$avolume
=336  \\$atext$btxt$2rdacontent
=337  \\$aunmediated$bn$2rdamedia
=338  \\$avolume$bnc$2rdacarrier
=500  \\$aTitle on spreadsheet: "Madame Sans Gene: Les Campagnes de Therese Figueur 1793-1815."
=500  \\$aCustom binding.
=932  2\$aHorward Collection$9LOCAL
=936  1\$aHorward, Donald D.,$edonor$9LOCAL
=949  \\$aFTaSU$bFSUSP$cREVIEW$9LOCAL

