=LDR  00723nam a2200205Mi 4500
=008  \\\\\\s1931\\\\xx\\\\\\\\\\\\000\0\\\\\d
=040  \\$aFDA$beng$cFDA
=035  \\$a(FSUSCA)Horward_Row_2_Section_1_58
=049  \\$lHorward_Row_2_Section_1_58
=100  1\$aMinnigerode, Meade
=245  14$aThe Magnificent Comedy /$cMinnigerode, Meade
=264  \1$a[Place of publication not identified] :$bFarrar and Rinehari,$c1931
=300  \\$avolume
=336  \\$atext$btxt$2rdacontent
=337  \\$aunmediated$bn$2rdamedia
=338  \\$avolume$bnc$2rdacarrier
=500  \\$aTitle on spreadsheet: "The Magnificent Comedy."
=932  2\$aHorward Collection$9LOCAL
=936  1\$aHorward, Donald D.,$edonor$9LOCAL
=949  \\$aFTaSU$bFSUSP$cREVIEW$9LOCAL

