=LDR  00893nam a2200229Mi 4500
=008  \\\\\\s1986\\\\xx\\\\\\\\\\\\000\0\\\\\d
=040  \\$aFDA$beng$cFDA
=035  \\$a(FSUSCA)Horward_Row_2_Section_4_617
=049  \\$lHorward_Row_2_Section_4_617
=100  1\$aParet, Peter
=245  10$aMakers of Modern Strategy from Machiavelli to the Nuclear Age /$cPeter Paret, Gordon A. Craig, Felix Gilbert
=264  \1$a[Place of publication not identified] :$bPrinceton University Press,$c1986
=300  \\$avolume
=336  \\$atext$btxt$2rdacontent
=337  \\$aunmediated$bn$2rdamedia
=338  \\$avolume$bnc$2rdacarrier
=500  \\$aTitle on spreadsheet: "Makers of Modern Strategy from Machiavelli to the Nuclear Age."
=700  1\$aCraig, Gordon A.
=700  1\$aGilbert, Felix
=932  2\$aHorward Collection$9LOCAL
=936  1\$aHorward, Donald D.,$edonor$9LOCAL
=949  \\$aFTaSU$bFSUSP$cREVIEW$9LOCAL

