=LDR  00792nam a2200205Mi 4500
=008  \\\\\\s1937\\\\xx\\\\\\\\\\\\000\0\\\\\d
=040  \\$aFDA$beng$cFDA
=035  \\$a(FSUSCA)Horward_Row_4_Section_6_2165
=049  \\$lHorward_Row_4_Section_6_2165
=100  1\$aWellesley, Muriel
=245  14$aThe Man Wellington Through the Eyes of those Who Knew Him /$cMuriel Wellesley
=264  \1$a[Place of publication not identified] :$bConstable and Co.,$c1937
=300  \\$avolume
=336  \\$atext$btxt$2rdacontent
=337  \\$aunmediated$bn$2rdamedia
=338  \\$avolume$bnc$2rdacarrier
=500  \\$aTitle on spreadsheet: "The Man Wellington Through the Eyes of those Who Knew Him."
=932  2\$aHorward Collection$9LOCAL
=936  1\$aHorward, Donald D.,$edonor$9LOCAL
=949  \\$aFTaSU$bFSUSP$cREVIEW$9LOCAL

