=LDR  00817nam a2200205Mi 4500
=008  \\\\\\s1891\\\\xx\\\\\\\\\\\\000\0\\\\\d
=040  \\$aFDA$beng$cFDA
=035  \\$a(FSUSCA)Horward_Row_2_Section_6_1015
=049  \\$lHorward_Row_2_Section_6_1015
=100  1\$aImbert de Saint-Amand, Elizabeth Martin
=245  10$aMarie Antoinette and the Downfall of Royalty /$cImbert de Saint-Amand, Elizabeth Martin
=264  \1$a[Place of publication not identified] :$bCharles Scribner's Sons,$c1891
=300  \\$avolume
=336  \\$atext$btxt$2rdacontent
=337  \\$aunmediated$bn$2rdamedia
=338  \\$avolume$bnc$2rdacarrier
=500  \\$aTitle on spreadsheet: "Marie Antoinette and the Downfall of Royalty."
=932  2\$aHorward Collection$9LOCAL
=936  1\$aHorward, Donald D.,$edonor$9LOCAL
=949  \\$aFTaSU$bFSUSP$cREVIEW$9LOCAL

