=LDR  00817nam a2200205Mi 4500
=008  \\\\\\s1892\\\\xx\\\\\\\\\\\\000\0\\\\\d
=040  \\$aFDA$beng$cFDA
=035  \\$a(FSUSCA)Horward_Row_2_Section_6_1013
=049  \\$lHorward_Row_2_Section_6_1013
=100  1\$aImbert de Saint-Amand, Elizabeth Martin
=245  10$aMarie Antoinette at the Tuileries, 1789-1791 /$cImbert de Saint-Amand, Elizabeth Martin
=264  \1$a[Place of publication not identified] :$bCharles Scribner's Sons,$c1892
=300  \\$avolume
=336  \\$atext$btxt$2rdacontent
=337  \\$aunmediated$bn$2rdamedia
=338  \\$avolume$bnc$2rdacarrier
=500  \\$aTitle on spreadsheet: "Marie Antoinette at the Tuileries: 1789-1791."
=932  2\$aHorward Collection$9LOCAL
=936  1\$aHorward, Donald D.,$edonor$9LOCAL
=949  \\$aFTaSU$bFSUSP$cREVIEW$9LOCAL

