=LDR  00817nam a2200217Mi 4500
=008  \\\\\\s1909\\\\xx\\\\\\\\\\\\000\0\\\\\d
=040  \\$aFDA$beng$cFDA
=035  \\$a(FSUSCA)Horward_Row_2_Section_3_553
=049  \\$lHorward_Row_2_Section_3_553
=100  1\$aBraz d'Oliveira, Joao
=245  10$aMarinha Portugeza no Tempo dos Francezes /$cJoao Braz d'Oliveira
=264  \1$a[Place of publication not identified] :$bTypographia de Cooperativa Militar,$c1909
=300  \\$avolume
=336  \\$atext$btxt$2rdacontent
=337  \\$aunmediated$bn$2rdamedia
=338  \\$avolume$bnc$2rdacarrier
=500  \\$aTitle on spreadsheet: "Marinha Portugeza no Tempo dos Francezes."
=500  \\$aLooseleaf Pamphlet.
=932  2\$aHorward Collection$9LOCAL
=936  1\$aHorward, Donald D.,$edonor$9LOCAL
=949  \\$aFTaSU$bFSUSP$cREVIEW$9LOCAL

