=LDR  00766nam a2200217Mi 4500
=008  \\\\\\s1918\\\\xx\\\\\\\\\\\\000\0\\\\\d
=040  \\$aFDA$beng$cFDA
=035  \\$a(FSUSCA)Horward_Row_4_Section_8_2649
=049  \\$lHorward_Row_4_Section_8_2649
=100  1\$aAtteridge, Hilliard
=245  10$aMarshal Murat /$cHilliard Atteridge
=264  \1$a[Place of publication not identified] :$bNelson and Sons,$c1918
=300  \\$avolume
=336  \\$atext$btxt$2rdacontent
=337  \\$aunmediated$bn$2rdamedia
=338  \\$avolume$bnc$2rdacarrier
=500  \\$aTitle on spreadsheet: "Marshal Murat."
=500  \\$aWrapped in white tissue paper with "Liste".
=932  2\$aHorward Collection$9LOCAL
=936  1\$aHorward, Donald D.,$edonor$9LOCAL
=949  \\$aFTaSU$bFSUSP$cREVIEW$9LOCAL

