=LDR  00823nam a2200205Mi 4500
=008  \\\\\\s1976\\\\xx\\\\\\\\\\\\000\0\\\\\d
=040  \\$aFDA$beng$cFDA
=035  \\$a(FSUSCA)Horward_Row_2_Section_12_2029
=049  \\$lHorward_Row_2_Section_12_2029
=100  1\$aVichness, Samuel E.
=245  10$aMarshal of Portugal, The Military Career of William Carr Beresford /$cSamuel E. Vichness
=264  \1$a[Place of publication not identified] :$bFlorida State University,$c1976
=300  \\$avolume
=336  \\$atext$btxt$2rdacontent
=337  \\$aunmediated$bn$2rdamedia
=338  \\$avolume$bnc$2rdacarrier
=500  \\$aTitle on spreadsheet: "Marshal of Portugal: The Military Career of William Carr Beresford."
=932  2\$aHorward Collection$9LOCAL
=936  1\$aHorward, Donald D.,$edonor$9LOCAL
=949  \\$aFTaSU$bFSUSP$cREVIEW$9LOCAL

