=LDR  00765nam a2200205Mi 4500
=008  \\\\\\s1964\\\\xx\\\\\\\\\\\\000\0\\\\\d
=040  \\$aFDA$beng$cFDA
=035  \\$a(FSUSCA)Horward_Row_4_Section_8_2574
=049  \\$lHorward_Row_4_Section_8_2574
=100  1\$aAbeshouse, Benjamin S.
=245  10$aMedical History of Napoleon Bonaparte /$cBenjamin S. Abeshouse
=264  \1$a[Place of publication not identified] :$bEaton Laboratories,$c1964
=300  \\$avolume
=336  \\$atext$btxt$2rdacontent
=337  \\$aunmediated$bn$2rdamedia
=338  \\$avolume$bnc$2rdacarrier
=500  \\$aTitle on spreadsheet: "A Medical History of Napoleon Bonaparte."
=932  2\$aHorward Collection$9LOCAL
=936  1\$aHorward, Donald D.,$edonor$9LOCAL
=949  \\$aFTaSU$bFSUSP$cREVIEW$9LOCAL

