=LDR  00748nam a2200205Mi 4500
=008  \\\\\\s1816\\\\xx\\\\\\\\\\\\000\0\\\\\d
=040  \\$aFDA$beng$cFDA
=035  \\$a(FSUSCA)Horward_Row_2_Section_2_310
=049  \\$lHorward_Row_2_Section_2_310
=100  1\$aLe Marechal Massena
=245  10$aMemoire de M. Le Marechal Massena /$cLe Marechal Massena
=264  \1$a[Place of publication not identified] :$bDelaunay, Libraire,$c1816
=300  \\$avolume
=336  \\$atext$btxt$2rdacontent
=337  \\$aunmediated$bn$2rdamedia
=338  \\$avolume$bnc$2rdacarrier
=500  \\$aTitle on spreadsheet: "Memoire de M. Le Marechal Massena."
=932  2\$aHorward Collection$9LOCAL
=936  1\$aHorward, Donald D.,$edonor$9LOCAL
=949  \\$aFTaSU$bFSUSP$cREVIEW$9LOCAL

