=LDR  00863nam a2200217Mi 4500
=008  \\\\\\s1967\\\\xx\\\\\\\\\\\\000\0\\\\\d
=040  \\$aFDA$beng$cFDA
=035  \\$a(FSUSCA)Horward_Row_2_Section_4_(Right)_699
=049  \\$lHorward_Row_2_Section_4_(Right)_699
=100  1\$aKoch, General
=245  10$aMemoires D'Andre Massena, Duc de Rivoli Prince D'Essling.$nVol. VII /$cGeneral Koch
=264  \1$a[Place of publication not identified] :$bChez Jean de Bonnot,$c1967
=300  \\$avolume
=336  \\$atext$btxt$2rdacontent
=337  \\$aunmediated$bn$2rdamedia
=338  \\$avolume$bnc$2rdacarrier
=500  \\$aTitle on spreadsheet: "Memoires D'Andre Massena: Duc de Rivoli Prince D'Essling, Vol. VII."
=500  \\$aMay contain custom binding.
=932  2\$aHorward Collection$9LOCAL
=936  1\$aHorward, Donald D.,$edonor$9LOCAL
=949  \\$aFTaSU$bFSUSP$cREVIEW$9LOCAL

