=LDR  00768nam a2200217Mi 4500
=008  \\\\\\s1965\\\\xx\\\\\\\\\\\\000\0\\\\\d
=040  \\$aFDA$beng$cFDA
=035  \\$a(FSUSCA)Horward_Row_4_Section_7_2472
=049  \\$lHorward_Row_4_Section_7_2472
=100  1\$aChateaubriand
=245  10$aMemoires D'Outre-Tombe /$cChateaubriand and Marc Boulouiseau
=264  \1$a[Place of publication not identified] :$bEditions Alpina,$c1965
=300  \\$avolume
=336  \\$atext$btxt$2rdacontent
=337  \\$aunmediated$bn$2rdamedia
=338  \\$avolume$bnc$2rdacarrier
=500  \\$aTitle on spreadsheet: "Memoires D'Outre-Tombe."
=700  1\$aBoulouiseau, Marc
=932  2\$aHorward Collection$9LOCAL
=936  1\$aHorward, Donald D.,$edonor$9LOCAL
=949  \\$aFTaSU$bFSUSP$cREVIEW$9LOCAL

