=LDR  00771nam a2200205Mi 4500
=008  \\\\\\suuuu\\\\xx\\\\\\\\\\\\000\0\\\\\d
=040  \\$aFDA$beng$cFDA
=035  \\$a(FSUSCA)Horward_Row_4_Section_7_2534
=049  \\$lHorward_Row_4_Section_7_2534
=100  1\$ade Chateaubriand, Francois Rene
=245  10$aMemoires D'Outre-Tombe /$cFrancois Rene de Chateaubriand
=264  \1$a[Place of publication not identified] :$bNelson,$c[date of publication not identified]
=300  \\$avolume
=336  \\$atext$btxt$2rdacontent
=337  \\$aunmediated$bn$2rdamedia
=338  \\$avolume$bnc$2rdacarrier
=500  \\$aTitle on spreadsheet: "Memoires D'Outre-Tombe."
=932  2\$aHorward Collection$9LOCAL
=936  1\$aHorward, Donald D.,$edonor$9LOCAL
=949  \\$aFTaSU$bFSUSP$cREVIEW$9LOCAL

