=LDR  00850nam a2200217Mi 4500
=008  \\\\\\s1928\\\\xx\\\\\\\\\\\\000\0\\\\\d
=040  \\$aFDA$beng$cFDA
=035  \\$a(FSUSCA)Horward_Row_2_Section_3_416
=049  \\$lHorward_Row_2_Section_3_416
=100  1\$aPilon, Edmond
=245  10$aMemoires de Armand Louis de Gontaut Duc de Lauzun General Biron /$cEdmond Pilon, Jadis et Naguere
=264  \1$a[Place of publication not identified] :$bHenri Jonquieres et Cie,$c1928
=300  \\$avolume
=336  \\$atext$btxt$2rdacontent
=337  \\$aunmediated$bn$2rdamedia
=338  \\$avolume$bnc$2rdacarrier
=500  \\$aTitle on spreadsheet: "Memoires de Armand Louis de Gontaut Duc de Lauzun General Biron."
=500  \\$aCustom binding.
=932  2\$aHorward Collection$9LOCAL
=936  1\$aHorward, Donald D.,$edonor$9LOCAL
=949  \\$aFTaSU$bFSUSP$cREVIEW$9LOCAL

