=LDR  00837nam a2200217Mi 4500
=008  \\\\\\s1928\\\\xx\\\\\\\\\\\\000\0\\\\\d
=040  \\$aFDA$beng$cFDA
=035  \\$a(FSUSCA)Horward_Row_2_Section_11_1872
=049  \\$lHorward_Row_2_Section_11_1872
=100  1\$aDelage, Joseph
=245  10$aMemoires de la Comtesse de Kielmannsegge sur Napoleon Ier.$nVol. II /$cJoseph Delage
=264  \1$a[Place of publication not identified] :$bVictor Attinger,$c1928
=300  \\$avolume
=336  \\$atext$btxt$2rdacontent
=337  \\$aunmediated$bn$2rdamedia
=338  \\$avolume$bnc$2rdacarrier
=500  \\$aTitle on spreadsheet: "Memoires de la Comtesse de Kielmannsegge sur Napoleon Ier, Vol. II."
=500  \\$aCustom binding.
=932  2\$aHorward Collection$9LOCAL
=936  1\$aHorward, Donald D.,$edonor$9LOCAL
=949  \\$aFTaSU$bFSUSP$cREVIEW$9LOCAL

