=LDR  00794nam a2200217Mi 4500
=008  \\\\\\s1823\\\\xx\\\\\\\\\\\\000\0\\\\\d
=040  \\$aFDA$beng$cFDA
=035  \\$a(FSUSCA)Horward_Row_2_Section_1_118
=049  \\$lHorward_Row_2_Section_1_118
=100  1\$aGorgaud, Gaspard
=245  10$aMemoires de Napoleon.$nVol. 2 /$cGorgaud, Gaspard
=264  \1$a[Place of publication not identified] :$bLibrarie de Firmin Didot Freres, Fils, et C,$c1823
=300  \\$avolume
=336  \\$atext$btxt$2rdacontent
=337  \\$aunmediated$bn$2rdamedia
=338  \\$avolume$bnc$2rdacarrier
=500  \\$aTitle on spreadsheet: "Memoires de Napoleon Vol. 2."
=500  \\$aMemoires de Napoleon
=932  2\$aHorward Collection$9LOCAL
=936  1\$aHorward, Donald D.,$edonor$9LOCAL
=949  \\$aFTaSU$bFSUSP$cREVIEW$9LOCAL

