=LDR  00797nam a2200217Mi 4500
=008  \\\\\\s1895\\\\xx\\\\\\\\\\\\000\0\\\\\d
=040  \\$aFDA$beng$cFDA
=035  \\$a(FSUSCA)Horward_Row_2_Section_11_1903
=049  \\$lHorward_Row_2_Section_11_1903
=100  1\$aAntoine, J. B.
=245  10$aMemoires du General Baron Roch Godart (1792-1815) /$cJ. B. Antoine
=264  \1$a[Place of publication not identified] :$bFlammarion,$c1895
=300  \\$avolume
=336  \\$atext$btxt$2rdacontent
=337  \\$aunmediated$bn$2rdamedia
=338  \\$avolume$bnc$2rdacarrier
=500  \\$aTitle on spreadsheet: "Memoires du General Baron Roch Godart (1792-1815)."
=500  \\$aCustom binding.
=932  2\$aHorward Collection$9LOCAL
=936  1\$aHorward, Donald D.,$edonor$9LOCAL
=949  \\$aFTaSU$bFSUSP$cREVIEW$9LOCAL

