=LDR  00773nam a2200217Mi 4500
=008  \\\\\\s1906\\\\xx\\\\\\\\\\\\000\0\\\\\d
=040  \\$aFDA$beng$cFDA
=035  \\$a(FSUSCA)Horward_Row_2_Section_1_138
=049  \\$lHorward_Row_2_Section_1_138
=100  1\$aMouton, Leo
=245  10$aMemoires du General Guillaume Pepe /$cMouton, Leo
=264  \1$a[Place of publication not identified] :$bLibairie Academiue Didier,$c1906
=300  \\$avolume
=336  \\$atext$btxt$2rdacontent
=337  \\$aunmediated$bn$2rdamedia
=338  \\$avolume$bnc$2rdacarrier
=500  \\$aTitle on spreadsheet: "Memoires du General Guillaume Pepe."
=500  \\$aCustom binding.
=932  2\$aHorward Collection$9LOCAL
=936  1\$aHorward, Donald D.,$edonor$9LOCAL
=949  \\$aFTaSU$bFSUSP$cREVIEW$9LOCAL

