=LDR  00817nam a2200217Mi 4500
=008  \\\\\\s1816\\\\xx\\\\\\\\\\\\000\0\\\\\d
=040  \\$aFDA$beng$cFDA
=035  \\$a(FSUSCA)Horward_Row_2_Section_8_1300
=049  \\$lHorward_Row_2_Section_8_1300
=100  1\$aPradt, Dominique Dufour
=245  10$aMemoires Historiques sur La Revolution D'espagne /$cPradt, Dominique Dufour
=250  \\$a3rd edition 
=264  \1$a[Place of publication not identified] :$bMme Vve Perronneau,$c1816
=300  \\$avolume
=336  \\$atext$btxt$2rdacontent
=337  \\$aunmediated$bn$2rdamedia
=338  \\$avolume$bnc$2rdacarrier
=500  \\$aTitle on spreadsheet: "Memoires Historiques sur La Revolution D'Espagne."
=932  2\$aHorward Collection$9LOCAL
=936  1\$aHorward, Donald D.,$edonor$9LOCAL
=949  \\$aFTaSU$bFSUSP$cREVIEW$9LOCAL

