=LDR  00808nam a2200229Mi 4500
=008  \\\\\\s1942\\\\xx\\\\\\\\\\\\000\0\\\\\d
=040  \\$aFDA$beng$cFDA
=035  \\$a(FSUSCA)Horward_Row_2_Section_3_437
=049  \\$lHorward_Row_2_Section_3_437
=100  1\$aRoederer
=245  10$aMemoires sur la Revolution Le Consulat et L'Empire /$cRoederer
=250  \\$a4th
=264  \1$a[Place of publication not identified] :$bLibrairie Plon,$c1942
=300  \\$avolume
=336  \\$atext$btxt$2rdacontent
=337  \\$aunmediated$bn$2rdamedia
=338  \\$avolume$bnc$2rdacarrier
=500  \\$aTitle on spreadsheet: "Memoires sur la Revolution Le Consulat et L'Empire."
=500  \\$aCustom binding.
=932  2\$aHorward Collection$9LOCAL
=936  1\$aHorward, Donald D.,$edonor$9LOCAL
=949  \\$aFTaSU$bFSUSP$cREVIEW$9LOCAL

