=LDR  00853nam a2200205Mi 4500
=008  \\\\\\s1846\\\\xx\\\\\\\\\\\\000\0\\\\\d
=040  \\$aFDA$beng$cFDA
=035  \\$a(FSUSCA)Horward_Row_2_Section_11_1989
=049  \\$lHorward_Row_2_Section_11_1989
=100  1\$aPearce, Robert Rouiere
=245  10$aMemoirs and Correspondence of the Most Noble Richard Marquess Wellesley.$nVol. I /$cRobert Rouiere Pearce, Esq.
=264  \1$a[Place of publication not identified] :$bRichard Bentley,$c1846
=300  \\$avolume
=336  \\$atext$btxt$2rdacontent
=337  \\$aunmediated$bn$2rdamedia
=338  \\$avolume$bnc$2rdacarrier
=500  \\$aTitle on spreadsheet: "Memoirs and Correspondence of the Most Noble Richard Marquess Wellesley, Vol. I."
=932  2\$aHorward Collection$9LOCAL
=936  1\$aHorward, Donald D.,$edonor$9LOCAL
=949  \\$aFTaSU$bFSUSP$cREVIEW$9LOCAL

