=LDR  00763nam a2200217Mi 4500
=008  \\\\\\s1944\\\\xx\\\\\\\\\\\\000\0\\\\\d
=040  \\$aFDA$beng$cFDA
=035  \\$a(FSUSCA)Horward_Row_2_Section_3_449
=049  \\$lHorward_Row_2_Section_3_449
=100  1\$aFouche
=245  10$aMemoirs I-II, Memoires de Joseph Fouche /$cFouche
=264  \1$a[Place of publication not identified] :$bFrance Editions,$c1944
=300  \\$avolume
=336  \\$atext$btxt$2rdacontent
=337  \\$aunmediated$bn$2rdamedia
=338  \\$avolume$bnc$2rdacarrier
=500  \\$aTitle on spreadsheet: "Memoirs I-II: Memoires de Joseph Fouche."
=500  \\$aCustom binding.
=932  2\$aHorward Collection$9LOCAL
=936  1\$aHorward, Donald D.,$edonor$9LOCAL
=949  \\$aFTaSU$bFSUSP$cREVIEW$9LOCAL

