=LDR  00810nam a2200217Mi 4500
=008  \\\\\\s1925\\\\xx\\\\\\\\\\\\000\0\\\\\d
=040  \\$aFDA$beng$cFDA
=035  \\$a(FSUSCA)Horward_Row_4_Section_7_2467
=049  \\$lHorward_Row_4_Section_7_2467
=100  1\$aBarres, Jean-Baptiste
=245  10$aMemoirs of a Napoleonic Officer /$cJean-Baptiste Barres and Maurice Barres
=264  \1$a[Place of publication not identified] :$bGeorge Allen and Unwin, Ltd.,$c1925
=300  \\$avolume
=336  \\$atext$btxt$2rdacontent
=337  \\$aunmediated$bn$2rdamedia
=338  \\$avolume$bnc$2rdacarrier
=500  \\$aTitle on spreadsheet: "Memoirs of a Napoleonic Officer."
=700  1\$aBarres, Maurice
=932  2\$aHorward Collection$9LOCAL
=936  1\$aHorward, Donald D.,$edonor$9LOCAL
=949  \\$aFTaSU$bFSUSP$cREVIEW$9LOCAL

