=LDR  00797nam a2200217Mi 4500
=008  \\\\\\s1971\\\\xx\\\\\\\\\\\\000\0\\\\\d
=040  \\$aFDA$beng$cFDA
=035  \\$a(FSUSCA)Horward_Row_2_Section_10_1689
=049  \\$lHorward_Row_2_Section_10_1689
=100  1\$aHarcourt, Felice
=245  10$aMemoirs of Madame de La Tour du Pin /$cFelice Harcourt and Peter Gay
=264  \1$a[Place of publication not identified] :$bMcCall Publishing Company,$c1971
=300  \\$avolume
=336  \\$atext$btxt$2rdacontent
=337  \\$aunmediated$bn$2rdamedia
=338  \\$avolume$bnc$2rdacarrier
=500  \\$aTitle on spreadsheet: "Memoirs of Madame de La Tour du Pin."
=700  1\$aGay, Peter
=932  2\$aHorward Collection$9LOCAL
=936  1\$aHorward, Donald D.,$edonor$9LOCAL
=949  \\$aFTaSU$bFSUSP$cREVIEW$9LOCAL

