=LDR  00780nam a2200205Mi 4500
=008  \\\\\\suuuu\\\\xx\\\\\\\\\\\\000\0\\\\\d
=040  \\$aFDA$beng$cFDA
=035  \\$a(FSUSCA)Horward_Row_2_Section_6_1029
=049  \\$lHorward_Row_2_Section_6_1029
=100  1\$aDuchesse D'Abrantes
=245  10$aMemoirs of Madame Junot.$nVol. I /$cDuchesse D'Abrantes
=264  \1$a[Place of publication not identified] :$bThe Grolier Society,$c[date of publication not identified]
=300  \\$avolume
=336  \\$atext$btxt$2rdacontent
=337  \\$aunmediated$bn$2rdamedia
=338  \\$avolume$bnc$2rdacarrier
=500  \\$aTitle on spreadsheet: "Memoirs of Madame Junot, Vol. I."
=932  2\$aHorward Collection$9LOCAL
=936  1\$aHorward, Donald D.,$edonor$9LOCAL
=949  \\$aFTaSU$bFSUSP$cREVIEW$9LOCAL

