=LDR  00806nam a2200205Mi 4500
=008  \\\\\\s1990\\\\xx\\\\\\\\\\\\000\0\\\\\d
=040  \\$aFDA$beng$cFDA
=035  \\$a(FSUSCA)Horward_Row_2_Section_6_1049
=049  \\$lHorward_Row_2_Section_6_1049
=100  1\$aShuckburgh, Evelyn
=245  14$aThe Memoirs of Madame Roland, A Heroine of the French Revolution /$cEvelyn Shuckburgh
=264  \1$a[Place of publication not identified] :$bMoyer Bell Ltd.,$c1990
=300  \\$avolume
=336  \\$atext$btxt$2rdacontent
=337  \\$aunmediated$bn$2rdamedia
=338  \\$avolume$bnc$2rdacarrier
=500  \\$aTitle on spreadsheet: "The Memoirs of Madame Roland: A Heroine of the French Revolution."
=932  2\$aHorward Collection$9LOCAL
=936  1\$aHorward, Donald D.,$edonor$9LOCAL
=949  \\$aFTaSU$bFSUSP$cREVIEW$9LOCAL

