=LDR  00745nam a2200205Mi 4500
=008  \\\\\\s1978\\\\xx\\\\\\\\\\\\000\0\\\\\d
=040  \\$aFDA$beng$cFDA
=035  \\$a(FSUSCA)Horward_Row_2_Section_2_353
=049  \\$lHorward_Row_2_Section_2_353
=100  1\$ade Laussat, Pierre Clement
=245  10$aMemoirs of my Life /$cPierre Clement de Laussat
=264  \1$a[Place of publication not identified] :$bLouisiana State University Press,$c1978
=300  \\$avolume
=336  \\$atext$btxt$2rdacontent
=337  \\$aunmediated$bn$2rdamedia
=338  \\$avolume$bnc$2rdacarrier
=500  \\$aTitle on spreadsheet: "Memoirs of my Life."
=932  2\$aHorward Collection$9LOCAL
=936  1\$aHorward, Donald D.,$edonor$9LOCAL
=949  \\$aFTaSU$bFSUSP$cREVIEW$9LOCAL

