=LDR  00778nam a2200205Mi 4500
=008  \\\\\\s1926\\\\xx\\\\\\\\\\\\000\0\\\\\d
=040  \\$aFDA$beng$cFDA
=035  \\$a(FSUSCA)Horward_Row_2_Section_8_1438
=049  \\$lHorward_Row_2_Section_8_1438
=100  1\$aFortescue, J.W.
=245  10$aMemoirs of Sergeant Bourgogne (1812-1813) /$c(introduction by ) J.W. Fortescue
=264  \1$a[Place of publication not identified] :$bPeter Davies Limited,$c1926
=300  \\$avolume
=336  \\$atext$btxt$2rdacontent
=337  \\$aunmediated$bn$2rdamedia
=338  \\$avolume$bnc$2rdacarrier
=500  \\$aTitle on spreadsheet: "Memoirs of Sergeant Bourgogne (1812-1813)."
=932  2\$aHorward Collection$9LOCAL
=936  1\$aHorward, Donald D.,$edonor$9LOCAL
=949  \\$aFTaSU$bFSUSP$cREVIEW$9LOCAL

