=LDR  00779nam a2200205Mi 4500
=008  \\\\\\s1841\\\\xx\\\\\\\\\\\\000\0\\\\\d
=040  \\$aFDA$beng$cFDA
=035  \\$a(FSUSCA)Horward_Row_4_Section_7_2338
=049  \\$lHorward_Row_4_Section_7_2338
=100  1\$aWyld, James
=245  10$aMemoirs of the War in Spain and France from 1808 to 1814 /$cJames Wyld
=264  \1$a[Place of publication not identified] :$bW. Clowes and Sons,$c1841
=300  \\$avolume
=336  \\$atext$btxt$2rdacontent
=337  \\$aunmediated$bn$2rdamedia
=338  \\$avolume$bnc$2rdacarrier
=500  \\$aTitle on spreadsheet: "Memoirs of the War in Spain and France from 1808 to 1814."
=932  2\$aHorward Collection$9LOCAL
=936  1\$aHorward, Donald D.,$edonor$9LOCAL
=949  \\$aFTaSU$bFSUSP$cREVIEW$9LOCAL

