=LDR  00813nam a2200205Mi 4500
=008  \\\\\\s1971\\\\xx\\\\\\\\\\\\000\0\\\\\d
=040  \\$aFDA$beng$cFDA
=035  \\$a(FSUSCA)Horward_Row_4_Section_6_2271
=049  \\$lHorward_Row_4_Section_6_2271
=100  1\$aVincente, Antonio Pedro
=245  10$aMemorias Politicas, Geograficas E Militares de Portugal (1762-1796) /$cAntonio Pedro Vincente
=264  \1$a[Place of publication not identified] :$bLisboa,$c1971
=300  \\$avolume
=336  \\$atext$btxt$2rdacontent
=337  \\$aunmediated$bn$2rdamedia
=338  \\$avolume$bnc$2rdacarrier
=500  \\$aTitle on spreadsheet: "Memorias Politicas, Geograficas E Militares de Portugal (1762-1796)."
=932  2\$aHorward Collection$9LOCAL
=936  1\$aHorward, Donald D.,$edonor$9LOCAL
=949  \\$aFTaSU$bFSUSP$cREVIEW$9LOCAL

