=LDR  00832nam a2200205Mi 4500
=008  \\\\\\s1963\\\\xx\\\\\\\\\\\\000\0\\\\\d
=040  \\$aFDA$beng$cFDA
=035  \\$a(FSUSCA)Horward_Row_2_Section_11_1981
=049  \\$lHorward_Row_2_Section_11_1981
=100  1\$aKraehe, Enno E.
=245  10$aMetternich's German Policy, The Contest With Napoleon (1799-1814).$nVol. I /$cEnno E. Kraehe
=264  \1$a[Place of publication not identified] :$bPrinceton University Press,$c1963
=300  \\$avolume
=336  \\$atext$btxt$2rdacontent
=337  \\$aunmediated$bn$2rdamedia
=338  \\$avolume$bnc$2rdacarrier
=500  \\$aTitle on spreadsheet: "Metternich's German Policy: The Contest With Napoleon (1799-1814), Vol. I."
=932  2\$aHorward Collection$9LOCAL
=936  1\$aHorward, Donald D.,$edonor$9LOCAL
=949  \\$aFTaSU$bFSUSP$cREVIEW$9LOCAL

