=LDR  00757nam a2200217Mi 4500
=008  \\\\\\s1959\\\\xx\\\\\\\\\\\\000\0\\\\\d
=040  \\$aFDA$beng$cFDA
=035  \\$a(FSUSCA)Horward_Row_2_Section_2_200
=049  \\$lHorward_Row_2_Section_2_200
=100  1\$aMissoffe, Michel
=245  10$aMetternich 1773 - 1859 /$cMichel Missoffe
=264  \1$a[Place of publication not identified] :$bLibrairie Artheme Fayard,$c1959
=300  \\$avolume
=336  \\$atext$btxt$2rdacontent
=337  \\$aunmediated$bn$2rdamedia
=338  \\$avolume$bnc$2rdacarrier
=500  \\$aTitle on spreadsheet: "Metternich 1773 - 1859."
=500  \\$aCustom binding.
=932  2\$aHorward Collection$9LOCAL
=936  1\$aHorward, Donald D.,$edonor$9LOCAL
=949  \\$aFTaSU$bFSUSP$cREVIEW$9LOCAL

