=LDR  00750nam a2200205Mi 4500
=008  \\\\\\s1962\\\\xx\\\\\\\\\\\\000\0\\\\\d
=040  \\$aFDA$beng$cFDA
=035  \\$a(FSUSCA)Horward_Row_2_Section_2_207
=049  \\$lHorward_Row_2_Section_2_207
=100  1\$ade Bertier de Sauvigny, G.
=245  10$aMetternich and his Times /$cG. de Bertier de Sauvigny
=264  \1$a[Place of publication not identified] :$bDarton, Longman, and Todd,$c1962
=300  \\$avolume
=336  \\$atext$btxt$2rdacontent
=337  \\$aunmediated$bn$2rdamedia
=338  \\$avolume$bnc$2rdacarrier
=500  \\$aTitle on spreadsheet: "Metternich and his Times."
=932  2\$aHorward Collection$9LOCAL
=936  1\$aHorward, Donald D.,$edonor$9LOCAL
=949  \\$aFTaSU$bFSUSP$cREVIEW$9LOCAL

