=LDR  00803nam a2200205Mi 4500
=008  \\\\\\s1972\\\\xx\\\\\\\\\\\\000\0\\\\\d
=040  \\$aFDA$beng$cFDA
=035  \\$a(FSUSCA)Horward_Row_2_Section_12_2048
=049  \\$lHorward_Row_2_Section_12_2048
=100  1\$aBruno, Michael D.
=245  14$aThe Military and Administrative Career of Sir John Cradock /$cMichael D. Bruno
=264  \1$a[Place of publication not identified] :$bFlorida State University,$c1972
=300  \\$avolume
=336  \\$atext$btxt$2rdacontent
=337  \\$aunmediated$bn$2rdamedia
=338  \\$avolume$bnc$2rdacarrier
=500  \\$aTitle on spreadsheet: "The Military and Administrative Career of Sir John Cradock."
=932  2\$aHorward Collection$9LOCAL
=936  1\$aHorward, Donald D.,$edonor$9LOCAL
=949  \\$aFTaSU$bFSUSP$cREVIEW$9LOCAL

