=LDR  00781nam a2200205Mi 4500
=008  \\\\\\s1994\\\\xx\\\\\\\\\\\\000\0\\\\\d
=040  \\$aFDA$beng$cFDA
=035  \\$a(FSUSCA)Horward_Row_2_Section_12_2051
=049  \\$lHorward_Row_2_Section_12_2051
=100  1\$aBlanton, Harold D.
=245  14$aThe Military and Diplomatic Defeat of Napoleon /$cHarold D. Blanton
=264  \1$a[Place of publication not identified] :$bFlorida State University,$c1994
=300  \\$avolume
=336  \\$atext$btxt$2rdacontent
=337  \\$aunmediated$bn$2rdamedia
=338  \\$avolume$bnc$2rdacarrier
=500  \\$aTitle on spreadsheet: "The Military and Diplomatic Defeat of Napoleon."
=932  2\$aHorward Collection$9LOCAL
=936  1\$aHorward, Donald D.,$edonor$9LOCAL
=949  \\$aFTaSU$bFSUSP$cREVIEW$9LOCAL

