=LDR  00862nam a2200205Mi 4500
=008  \\\\\\s2006\\\\xx\\\\\\\\\\\\000\0\\\\\d
=040  \\$aFDA$beng$cFDA
=035  \\$a(FSUSCA)Horward_Row_4_Section_5_2086
=049  \\$lHorward_Row_4_Section_5_2086
=100  1\$aBonura, Michael A.
=245  14$aThe Military Career of General Francois-Etienne Kellerman, Cavalrymen of the Empire from 1813-1815 /$cMichael A. Bonura
=264  \1$a[Place of publication not identified] :$bUMI,$c2006
=300  \\$avolume
=336  \\$atext$btxt$2rdacontent
=337  \\$aunmediated$bn$2rdamedia
=338  \\$avolume$bnc$2rdacarrier
=500  \\$aTitle on spreadsheet: "The Military Career of General Francois-Etienne Kellerman: Cavalrymen of the Empire from 1813-1815."
=932  2\$aHorward Collection$9LOCAL
=936  1\$aHorward, Donald D.,$edonor$9LOCAL
=949  \\$aFTaSU$bFSUSP$cREVIEW$9LOCAL

