=LDR  00847nam a2200205Mi 4500
=008  \\\\\\s1969\\\\xx\\\\\\\\\\\\000\0\\\\\d
=040  \\$aFDA$beng$cFDA
=035  \\$a(FSUSCA)Horward_Row_2_Section_12_2042
=049  \\$lHorward_Row_2_Section_12_2042
=100  1\$aMilton, Collins Finley Jr.
=245  14$aThe Military Career of Jean-Louis Ebenezer Reynier, Holland to Portugal /$cMilton Collins Finley Jr.
=264  \1$a[Place of publication not identified] :$bFlorida State University,$c1969
=300  \\$avolume
=336  \\$atext$btxt$2rdacontent
=337  \\$aunmediated$bn$2rdamedia
=338  \\$avolume$bnc$2rdacarrier
=500  \\$aTitle on spreadsheet: "The Military Career of Jean-Louis Ebenezer Reynier: Holland to Portugal."
=932  2\$aHorward Collection$9LOCAL
=936  1\$aHorward, Donald D.,$edonor$9LOCAL
=949  \\$aFTaSU$bFSUSP$cREVIEW$9LOCAL

