=LDR  00817nam a2200205Mi 4500
=008  \\\\\\s1987\\\\xx\\\\\\\\\\\\000\0\\\\\d
=040  \\$aFDA$beng$cFDA
=035  \\$a(FSUSCA)Horward_Row_2_Section_9_1568
=049  \\$lHorward_Row_2_Section_9_1568
=100  1\$aBausum, Henry S.
=245  10$aMilitary leadership and Command, The John Biggs Cincinnati Lectures 1987 /$cHenry S. Bausum
=264  \1$a[Place of publication not identified] :$bVMI Foundation,$c1987
=300  \\$avolume
=336  \\$atext$btxt$2rdacontent
=337  \\$aunmediated$bn$2rdamedia
=338  \\$avolume$bnc$2rdacarrier
=500  \\$aTitle on spreadsheet: "Military leadership and Command: The John Biggs Cincinnati Lectures 1987."
=932  2\$aHorward Collection$9LOCAL
=936  1\$aHorward, Donald D.,$edonor$9LOCAL
=949  \\$aFTaSU$bFSUSP$cREVIEW$9LOCAL

