=LDR  00918nam a2200229Mi 4500
=008  \\\\\\s1989\\\\xx\\\\\\\\\\\\000\0\\\\\d
=040  \\$aFDA$beng$cFDA
=035  \\$a(FSUSCA)Horward_Row_2_Section_11_1945
=049  \\$lHorward_Row_2_Section_11_1945
=100  1\$aBausam, Henry S.
=245  10$aMilitary Leadership and Command, The John Biggs Cincinnati Lectures 1988 /$cHenry S. Bausam
=264  \1$a[Place of publication not identified] :$bThe VMI Foundation,$c1989
=300  \\$avolume
=336  \\$atext$btxt$2rdacontent
=337  \\$aunmediated$bn$2rdamedia
=338  \\$avolume$bnc$2rdacarrier
=500  \\$aTitle on spreadsheet: "Military Leadership and Command: The John Biggs Cincinnati Lectures 1988."
=500  \\$aMay contain custom binding.
=500  \\$aLetter from Graphic Artworks, Inc.
=932  2\$aHorward Collection$9LOCAL
=936  1\$aHorward, Donald D.,$edonor$9LOCAL
=949  \\$aFTaSU$bFSUSP$cREVIEW$9LOCAL

