=LDR  00813nam a2200217Mi 4500
=008  \\\\\\s1830\\\\xx\\\\\\\\\\\\000\0\\\\\d
=040  \\$aFDA$beng$cFDA
=035  \\$a(FSUSCA)Horward_Row_2_Section_6_910
=049  \\$lHorward_Row_2_Section_6_910
=100  1\$aSherer, Moyle
=245  10$aMilitary Memoirs of the Duke of Wellington.$nVol. I /$cCaptain Moyle Sherer
=264  \1$a[Place of publication not identified] :$bLongman, Rees and Co.,$c1830
=300  \\$avolume
=336  \\$atext$btxt$2rdacontent
=337  \\$aunmediated$bn$2rdamedia
=338  \\$avolume$bnc$2rdacarrier
=500  \\$aTitle on spreadsheet: "Military Memoirs of the Duke of Wellington, Vol. I."
=500  \\$aCustom binding.
=932  2\$aHorward Collection$9LOCAL
=936  1\$aHorward, Donald D.,$edonor$9LOCAL
=949  \\$aFTaSU$bFSUSP$cREVIEW$9LOCAL

