=LDR  00788nam a2200217Mi 4500
=008  \\\\\\s1926\\\\xx\\\\\\\\\\\\000\0\\\\\d
=040  \\$aFDA$beng$cFDA
=035  \\$a(FSUSCA)Horward_Row_2_Section_2_279
=049  \\$lHorward_Row_2_Section_2_279
=100  1\$aBainville, Jacques
=245  10$aMirabeau et la Revolution royale /$cpreface by Jacques Bainville
=264  \1$a[Place of publication not identified] :$bchez Grasset editeur,$c1926
=300  \\$avolume
=336  \\$atext$btxt$2rdacontent
=337  \\$aunmediated$bn$2rdamedia
=338  \\$avolume$bnc$2rdacarrier
=500  \\$aTitle on spreadsheet: "Mirabeau et la Revolution royale."
=500  \\$aCustom binding.
=932  2\$aHorward Collection$9LOCAL
=936  1\$aHorward, Donald D.,$edonor$9LOCAL
=949  \\$aFTaSU$bFSUSP$cREVIEW$9LOCAL

