=LDR  00779nam a2200205Mi 4500
=008  \\\\\\s1958\\\\xx\\\\\\\\\\\\000\0\\\\\d
=040  \\$aFDA$beng$cFDA
=035  \\$a(FSUSCA)Horward_Row_2_Section_2_209
=049  \\$lHorward_Row_2_Section_2_209
=100  1\$aHerold, J. Christopher
=245  10$aMistress to an Age, A Life of Madame de Stael /$cJ. Christopher Herold
=264  \1$a[Place of publication not identified] :$bBobbs-Merril Company,$c1958
=300  \\$avolume
=336  \\$atext$btxt$2rdacontent
=337  \\$aunmediated$bn$2rdamedia
=338  \\$avolume$bnc$2rdacarrier
=500  \\$aTitle on spreadsheet: "Mistress to an Age: A Life of Madame de Stael."
=932  2\$aHorward Collection$9LOCAL
=936  1\$aHorward, Donald D.,$edonor$9LOCAL
=949  \\$aFTaSU$bFSUSP$cREVIEW$9LOCAL

