=LDR  00816nam a2200217Mi 4500
=008  \\\\\\s2005\\\\xx\\\\\\\\\\\\000\0\\\\\d
=040  \\$aFDA$beng$cFDA
=035  \\$a(FSUSCA)Horward_Row_2_Section_10_1673
=049  \\$lHorward_Row_2_Section_10_1673
=100  1\$aBalen, Malcolm
=245  10$aModel Victory Waterloo and the Battle for History /$cMalcolm Balen
=264  \1$a[Place of publication not identified] :$bFourth Estate,$c2005
=300  \\$avolume
=336  \\$atext$btxt$2rdacontent
=337  \\$aunmediated$bn$2rdamedia
=338  \\$avolume$bnc$2rdacarrier
=500  \\$aTitle on spreadsheet: "A Model Victory Waterloo and the Battle for History."
=500  \\$aInternet Description of book.
=932  2\$aHorward Collection$9LOCAL
=936  1\$aHorward, Donald D.,$edonor$9LOCAL
=949  \\$aFTaSU$bFSUSP$cREVIEW$9LOCAL

