=LDR  00783nam a2200217Mi 4500
=008  \\\\\\s1954\\\\xx\\\\\\\\\\\\000\0\\\\\d
=040  \\$aFDA$beng$cFDA
=035  \\$a(FSUSCA)Horward_Row_2_Section_3_473
=049  \\$lHorward_Row_2_Section_3_473
=100  1\$aAubry, Paul V.
=245  10$aMonge Le Savant Ami de Napoleon Bonaparte /$cPaul V. Aubry
=264  \1$a[Place of publication not identified] :$bGauthier-Villars,$c1954
=300  \\$avolume
=336  \\$atext$btxt$2rdacontent
=337  \\$aunmediated$bn$2rdamedia
=338  \\$avolume$bnc$2rdacarrier
=500  \\$aTitle on spreadsheet: "Monge Le Savant Ami de Napoleon Bonaparte."
=500  \\$aCustom binding.
=932  2\$aHorward Collection$9LOCAL
=936  1\$aHorward, Donald D.,$edonor$9LOCAL
=949  \\$aFTaSU$bFSUSP$cREVIEW$9LOCAL

