=LDR  00787nam a2200217Mi 4500
=008  \\\\\\s1897\\\\xx\\\\\\\\\\\\000\0\\\\\d
=040  \\$aFDA$beng$cFDA
=035  \\$a(FSUSCA)Horward_Row_2_Section_3_555
=049  \\$lHorward_Row_2_Section_3_555
=100  1\$aLe Comte Murat
=245  10$aMurat, Lieutenant de L'Empereur en Espagne, 1808
=264  \1$a[Place of publication not identified] :$bE. Plon, Nourrit et Cie,$c1897
=300  \\$avolume
=336  \\$atext$btxt$2rdacontent
=337  \\$aunmediated$bn$2rdamedia
=338  \\$avolume$bnc$2rdacarrier
=500  \\$aTitle on spreadsheet: "Murat: Lieutenant de L'Empereur en Espagne, 1808."
=500  \\$aCustom binding.
=932  2\$aHorward Collection$9LOCAL
=936  1\$aHorward, Donald D.,$edonor$9LOCAL
=949  \\$aFTaSU$bFSUSP$cREVIEW$9LOCAL

