=LDR  00759nam a2200217Mi 4500
=008  \\\\\\s1982\\\\xx\\\\\\\\\\\\000\0\\\\\d
=040  \\$aFDA$beng$cFDA
=035  \\$a(FSUSCA)Horward_Row_2_Section_1_154
=049  \\$lHorward_Row_2_Section_1_154
=100  1\$aWieder, Ben
=245  14$aThe Murder of Napoleon /$cWieder, Ben and Hapgood, David
=264  \1$a[Place of publication not identified] :$bGordon and Lattes,$c1982
=300  \\$avolume
=336  \\$atext$btxt$2rdacontent
=337  \\$aunmediated$bn$2rdamedia
=338  \\$avolume$bnc$2rdacarrier
=500  \\$aTitle on spreadsheet: "The Murder of Napoleon."
=700  1\$aHapgood, David
=932  2\$aHorward Collection$9LOCAL
=936  1\$aHorward, Donald D.,$edonor$9LOCAL
=949  \\$aFTaSU$bFSUSP$cREVIEW$9LOCAL

