=LDR  00869nam a2200217Mi 4500
=008  \\\\\\s1955\\\\xx\\\\\\\\\\\\000\0\\\\\d
=040  \\$aFDA$beng$cFDA
=035  \\$a(FSUSCA)Horward_Row_2_Section_6_1050
=049  \\$lHorward_Row_2_Section_6_1050
=100  1\$aPalmstierna, C. F.
=245  10$aMy Dearest Louise, Letters of Marie-Louise and Napoleon, 1813-1814 /$cC. F. Palmstierna and E. M. Wilkinson
=264  \1$a[Place of publication not identified] :$bMethuen and Co., Ltd.,$c1955
=300  \\$avolume
=336  \\$atext$btxt$2rdacontent
=337  \\$aunmediated$bn$2rdamedia
=338  \\$avolume$bnc$2rdacarrier
=500  \\$aTitle on spreadsheet: "My Dearest Louise: Letters of Marie-Louise and Napoleon, 1813-1814."
=700  1\$aWilkinson, E. M.
=932  2\$aHorward Collection$9LOCAL
=936  1\$aHorward, Donald D.,$edonor$9LOCAL
=949  \\$aFTaSU$bFSUSP$cREVIEW$9LOCAL

