=LDR  00776nam a2200217Mi 4500
=008  \\\\\\s1928\\\\xx\\\\\\\\\\\\000\0\\\\\d
=040  \\$aFDA$beng$cFDA
=035  \\$a(FSUSCA)Horward_Row_2_Section_11_1836
=049  \\$lHorward_Row_2_Section_11_1836
=100  1\$aBeraud, Henri
=245  10$aMy Friend Robespierre /$cHenri Beraud (tranlsated by Slater Brown)
=264  \1$a[Place of publication not identified] :$bThe Macaulay Company,$c1928
=300  \\$avolume
=336  \\$atext$btxt$2rdacontent
=337  \\$aunmediated$bn$2rdamedia
=338  \\$avolume$bnc$2rdacarrier
=500  \\$aTitle on spreadsheet: "My Friend Robespierre."
=700  1\$aBrown, Slater
=932  2\$aHorward Collection$9LOCAL
=936  1\$aHorward, Donald D.,$edonor$9LOCAL
=949  \\$aFTaSU$bFSUSP$cREVIEW$9LOCAL

