=LDR  00724nam a2200205Mi 4500
=008  \\\\\\s2003\\\\xx\\\\\\\\\\\\000\0\\\\\d
=040  \\$aFDA$beng$cFDA
=035  \\$a(FSUSCA)Horward_Row_4_Section_5_2103
=049  \\$lHorward_Row_4_Section_5_2103
=100  1\$aMaza, Sarah
=245  14$aThe Myth of the French Bourgeoisie /$cSarah Maza
=264  \1$a[Place of publication not identified] :$bHarvard,$c2003
=300  \\$avolume
=336  \\$atext$btxt$2rdacontent
=337  \\$aunmediated$bn$2rdamedia
=338  \\$avolume$bnc$2rdacarrier
=500  \\$aTitle on spreadsheet: "The Myth of the French Bourgeoisie."
=932  2\$aHorward Collection$9LOCAL
=936  1\$aHorward, Donald D.,$edonor$9LOCAL
=949  \\$aFTaSU$bFSUSP$cREVIEW$9LOCAL

