=LDR  00729nam a2200205Mi 4500
=008  \\\\\\s1882\\\\xx\\\\\\\\\\\\000\0\\\\\d
=040  \\$aFDA$beng$cFDA
=035  \\$a(FSUSCA)Horward_Row_2_Section_6_923
=049  \\$lHorward_Row_2_Section_6_923
=100  1\$aNapier, W. F. P.
=245  10$aNapier's Peninsular War.$nVol 2 /$cW. F. P. Napier
=264  \1$a[Place of publication not identified] :$bRoutledge and Sons,$c1882
=300  \\$avolume
=336  \\$atext$btxt$2rdacontent
=337  \\$aunmediated$bn$2rdamedia
=338  \\$avolume$bnc$2rdacarrier
=500  \\$aTitle on spreadsheet: "Napier's Peninsular War."
=932  2\$aHorward Collection$9LOCAL
=936  1\$aHorward, Donald D.,$edonor$9LOCAL
=949  \\$aFTaSU$bFSUSP$cREVIEW$9LOCAL

