=LDR  00830nam a2200229Mi 4500
=008  \\\\\\s1882\\\\xx\\\\\\\\\\\\000\0\\\\\d
=040  \\$aFDA$beng$cFDA
=035  \\$a(FSUSCA)Horward_Row_2_Section_3_540
=049  \\$lHorward_Row_2_Section_3_540
=100  1\$aNapier, W. F. P.
=245  10$aNapier's Pennisular War.$nVol. I /$cW. F. P. Napier
=264  \1$a[Place of publication not identified] :$bGeorge Routledge and Sons,$c1882
=300  \\$avolume
=336  \\$atext$btxt$2rdacontent
=337  \\$aunmediated$bn$2rdamedia
=338  \\$avolume$bnc$2rdacarrier
=500  \\$aTitle on spreadsheet: "Napier's Pennisular War: Vol. I."
=500  \\$aMay contain custom binding.
=500  \\$aNapier's Pennisular War:
=932  2\$aHorward Collection$9LOCAL
=936  1\$aHorward, Donald D.,$edonor$9LOCAL
=949  \\$aFTaSU$bFSUSP$cREVIEW$9LOCAL

