=LDR  00840nam a2200217Mi 4500
=008  \\\\\\s2014\\\\xx\\\\\\\\\\\\000\0\\\\\d
=040  \\$aFDA$beng$cFDA
=035  \\$a(FSUSCA)Horward_Row_2_Section_10_1763
=049  \\$lHorward_Row_2_Section_10_1763
=100  1\$aCuccia, Phillip R.
=245  10$aNapleon in Italy - The Sieges of Mantua, 1796-1799 /$cPhillip R. Cuccia
=264  \1$a[Place of publication not identified] :$bUniversity of Oklahoma Press,$c2014
=300  \\$avolume
=336  \\$atext$btxt$2rdacontent
=337  \\$aunmediated$bn$2rdamedia
=338  \\$avolume$bnc$2rdacarrier
=500  \\$aTitle on spreadsheet: "Napleon in Italy - The Sieges of Mantua, 1796-1799."
=500  \\$aSigned and letter from author.
=932  2\$aHorward Collection$9LOCAL
=936  1\$aHorward, Donald D.,$edonor$9LOCAL
=949  \\$aFTaSU$bFSUSP$cREVIEW$9LOCAL

