=LDR  00758nam a2200217Mi 4500
=008  \\\\\\s1901\\\\xx\\\\\\\\\\\\000\0\\\\\d
=040  \\$aFDA$beng$cFDA
=035  \\$a(FSUSCA)Horward_Row_2_Section_10_1676
=049  \\$lHorward_Row_2_Section_10_1676
=100  1\$aRosebery, Lord
=245  10$aNapleon - The Last Phase /$cLord Rosebery
=264  \1$a[Place of publication not identified] :$bHarper and Brothers,$c1901
=300  \\$avolume
=336  \\$atext$btxt$2rdacontent
=337  \\$aunmediated$bn$2rdamedia
=338  \\$avolume$bnc$2rdacarrier
=500  \\$aTitle on spreadsheet: "Napleon - The Last Phase."
=500  \\$aNote on page 248.
=932  2\$aHorward Collection$9LOCAL
=936  1\$aHorward, Donald D.,$edonor$9LOCAL
=949  \\$aFTaSU$bFSUSP$cREVIEW$9LOCAL

