=LDR  00828nam a2200205Mi 4500
=008  \\\\\\s2006\\\\xx\\\\\\\\\\\\000\0\\\\\d
=040  \\$aFDA$beng$cFDA
=035  \\$a(FSUSCA)Horward_Row_2_Section_11_1934
=049  \\$lHorward_Row_2_Section_11_1934
=100  1\$aDavis, John A.
=245  10$aNaples and Napoleon, Southern Italy and the European Revolutions 1780-1860 /$cJohn A. Davis
=264  \1$a[Place of publication not identified] :$bOxford University Press,$c2006
=300  \\$avolume
=336  \\$atext$btxt$2rdacontent
=337  \\$aunmediated$bn$2rdamedia
=338  \\$avolume$bnc$2rdacarrier
=500  \\$aTitle on spreadsheet: "Naples and Napoleon: Southern Italy and the European Revolutions 1780-1860."
=932  2\$aHorward Collection$9LOCAL
=936  1\$aHorward, Donald D.,$edonor$9LOCAL
=949  \\$aFTaSU$bFSUSP$cREVIEW$9LOCAL

