=LDR  00746nam a2200205Mi 4500
=008  \\\\\\s1915\\\\xx\\\\\\\\\\\\000\0\\\\\d
=040  \\$aFDA$beng$cFDA
=035  \\$a(FSUSCA)Horward_Row_2_Section_6_966
=049  \\$lHorward_Row_2_Section_6_966
=100  1\$aYoung, Norwood
=245  10$aNapoleom in Exile at St. Helena (1816-1821) /$cNorwood Young
=264  \1$a[Place of publication not identified] :$bWinston,$c1915
=300  \\$avolume
=336  \\$atext$btxt$2rdacontent
=337  \\$aunmediated$bn$2rdamedia
=338  \\$avolume$bnc$2rdacarrier
=500  \\$aTitle on spreadsheet: "Napoleom in Exile at St. Helena (1816-1821)."
=932  2\$aHorward Collection$9LOCAL
=936  1\$aHorward, Donald D.,$edonor$9LOCAL
=949  \\$aFTaSU$bFSUSP$cREVIEW$9LOCAL

