=LDR  00733nam a2200217Mi 4500
=008  \\\\\\s1920\\\\xx\\\\\\\\\\\\000\0\\\\\d
=040  \\$aFDA$beng$cFDA
=035  \\$a(FSUSCA)Horward_Row_2_Section_3_544
=049  \\$lHorward_Row_2_Section_3_544
=100  1\$aRuhn, Joachim
=245  10$aNapoleon /$cJoachim Ruhn
=264  \1$a[Place of publication not identified] :$bBerlag Ullfein and Co.,$c1920
=300  \\$avolume
=336  \\$atext$btxt$2rdacontent
=337  \\$aunmediated$bn$2rdamedia
=338  \\$avolume$bnc$2rdacarrier
=500  \\$aTitle on spreadsheet: "Napoleon."
=500  \\$aMay contain custom binding.
=932  2\$aHorward Collection$9LOCAL
=936  1\$aHorward, Donald D.,$edonor$9LOCAL
=949  \\$aFTaSU$bFSUSP$cREVIEW$9LOCAL

