=LDR  00717nam a2200217Mi 4500
=008  \\\\\\s1997\\\\xx\\\\\\\\\\\\000\0\\\\\d
=040  \\$aFDA$beng$cFDA
=035  \\$a(FSUSCA)Horward_Row_2_Section_7_1236
=049  \\$lHorward_Row_2_Section_7_1236
=100  1\$aWeider, Ben
=245  10$aNapoleon /$cBen Weider
=264  \1$a[Place of publication not identified] :$bEditions Trois Pistoles,$c1997
=300  \\$avolume
=336  \\$atext$btxt$2rdacontent
=337  \\$aunmediated$bn$2rdamedia
=338  \\$avolume$bnc$2rdacarrier
=500  \\$aTitle on spreadsheet: "Napoleon."
=500  \\$aAutographed.
=932  2\$aHorward Collection$9LOCAL
=936  1\$aHorward, Donald D.,$edonor$9LOCAL
=949  \\$aFTaSU$bFSUSP$cREVIEW$9LOCAL

