=LDR  00803nam a2200229Mi 4500
=008  \\\\\\s2006\\\\xx\\\\\\\\\\\\000\0\\\\\d
=040  \\$aFDA$beng$cFDA
=035  \\$a(FSUSCA)Horward_Row_2_Section_8_1371
=049  \\$lHorward_Row_2_Section_8_1371
=100  1\$aLentz, Thierry
=245  10$aNapoleon, l'esclavage et les colonies /$cThierry Lentz and Pierre and Branda
=264  \1$a[Place of publication not identified] :$bFayard,$c2006
=300  \\$avolume
=336  \\$atext$btxt$2rdacontent
=337  \\$aunmediated$bn$2rdamedia
=338  \\$avolume$bnc$2rdacarrier
=500  \\$aTitle on spreadsheet: "Napoleon, l'esclavage et les colonies."
=700  1\$aPierre
=700  1\$aBranda
=932  2\$aHorward Collection$9LOCAL
=936  1\$aHorward, Donald D.,$edonor$9LOCAL
=949  \\$aFTaSU$bFSUSP$cREVIEW$9LOCAL

