=LDR  00870nam a2200217Mi 4500
=008  \\\\\\s1992\\\\xx\\\\\\\\\\\\000\0\\\\\d
=040  \\$aFDA$beng$cFDA
=035  \\$a(FSUSCA)Horward_Row_4_Section_6_2264
=049  \\$lHorward_Row_4_Section_6_2264
=100  1\$aJones, Patterson
=245  10$aNapoleon, An Intimate Account of the Years of Supremacy, 1800-1814 /$cProctor Patterson Jones
=264  \1$a[Place of publication not identified] :$bProctor Jones Publishing,$c1992
=300  \\$avolume
=336  \\$atext$btxt$2rdacontent
=337  \\$aunmediated$bn$2rdamedia
=338  \\$avolume$bnc$2rdacarrier
=500  \\$aTitle on spreadsheet: "Napoleon: An Intimate Account of the Years of Supremacy, 1800-1814."
=500  \\$aSigned and letter from author.
=932  2\$aHorward Collection$9LOCAL
=936  1\$aHorward, Donald D.,$edonor$9LOCAL
=949  \\$aFTaSU$bFSUSP$cREVIEW$9LOCAL

