=LDR  00872nam a2200217Mi 4500
=008  \\\\\\s1915\\\\xx\\\\\\\\\\\\000\0\\\\\d
=040  \\$aFDA$beng$cFDA
=035  \\$a(FSUSCA)Horward_Row_4_Section_7_2414
=049  \\$lHorward_Row_4_Section_7_2414
=100  1\$aWatson, Thomas E.
=245  10$aNapoleon, A Sketch of His Life, Character, Struggles, and Achievements /$cThomas E. Watson
=264  \1$a[Place of publication not identified] :$bThe Jeffersonian Publishing Co.,$c1915
=300  \\$avolume
=336  \\$atext$btxt$2rdacontent
=337  \\$aunmediated$bn$2rdamedia
=338  \\$avolume$bnc$2rdacarrier
=500  \\$aTitle on spreadsheet: "Napoleon: A Sketch of His Life, Character, Struggles, and Achievements."
=500  \\$aWrapped in paper cover.
=932  2\$aHorward Collection$9LOCAL
=936  1\$aHorward, Donald D.,$edonor$9LOCAL
=949  \\$aFTaSU$bFSUSP$cREVIEW$9LOCAL

