=LDR  00778nam a2200205Mi 4500
=008  \\\\\\s1969\\\\xx\\\\\\\\\\\\000\0\\\\\d
=040  \\$aFDA$beng$cFDA
=035  \\$a(FSUSCA)Horward_Row_4_Section_7_2383
=049  \\$lHorward_Row_4_Section_7_2383
=100  1\$aLefebvre, Georges
=245  10$aNapoleon, From 18 Brumaire to Tilsit 1799-1807 /$cGeorges Lefebvre
=264  \1$a[Place of publication not identified] :$bColumbia University Press,$c1969
=300  \\$avolume
=336  \\$atext$btxt$2rdacontent
=337  \\$aunmediated$bn$2rdamedia
=338  \\$avolume$bnc$2rdacarrier
=500  \\$aTitle on spreadsheet: "Napoleon: From 18 Brumaire to Tilsit 1799-1807."
=932  2\$aHorward Collection$9LOCAL
=936  1\$aHorward, Donald D.,$edonor$9LOCAL
=949  \\$aFTaSU$bFSUSP$cREVIEW$9LOCAL

