=LDR  00774nam a2200205Mi 4500
=008  \\\\\\s1969\\\\xx\\\\\\\\\\\\000\0\\\\\d
=040  \\$aFDA$beng$cFDA
=035  \\$a(FSUSCA)Horward_Row_2_Section_10_1712
=049  \\$lHorward_Row_2_Section_10_1712
=100  1\$aLefebvre, Georges
=245  10$aNapoleon, From Tilsit to Waterloo 1807-1815 /$cGeorges Lefebvre
=264  \1$a[Place of publication not identified] :$bColumbia University Press,$c1969
=300  \\$avolume
=336  \\$atext$btxt$2rdacontent
=337  \\$aunmediated$bn$2rdamedia
=338  \\$avolume$bnc$2rdacarrier
=500  \\$aTitle on spreadsheet: "Napoleon: From Tilsit to Waterloo 1807-1815."
=932  2\$aHorward Collection$9LOCAL
=936  1\$aHorward, Donald D.,$edonor$9LOCAL
=949  \\$aFTaSU$bFSUSP$cREVIEW$9LOCAL

