=LDR  00766nam a2200217Mi 4500
=008  \\\\\\s1998\\\\xx\\\\\\\\\\\\000\0\\\\\d
=040  \\$aFDA$beng$cFDA
=035  \\$a(FSUSCA)Horward_Row_2_Section_1_145
=049  \\$lHorward_Row_2_Section_1_145
=100  1\$aFain, Agathon Jean Francois
=245  10$aNapoleon, How He Did It /$cFain, Agathon Jean Francois
=264  \1$a[Place of publication not identified] :$bProctor Jones,$c1998
=300  \\$avolume
=336  \\$atext$btxt$2rdacontent
=337  \\$aunmediated$bn$2rdamedia
=338  \\$avolume$bnc$2rdacarrier
=500  \\$aTitle on spreadsheet: "Napoleon: How He Did It."
=500  \\$aInscribed.
=932  2\$aHorward Collection$9LOCAL
=936  1\$aHorward, Donald D.,$edonor$9LOCAL
=949  \\$aFTaSU$bFSUSP$cREVIEW$9LOCAL

