=LDR  00798nam a2200217Mi 4500
=008  \\\\\\s1993\\\\xx\\\\\\\\\\\\000\0\\\\\d
=040  \\$aFDA$beng$cFDA
=035  \\$a(FSUSCA)Horward_Row_4_Section_7_2537
=049  \\$lHorward_Row_4_Section_7_2537
=100  1\$aGueguen, Emile Rene
=245  10$aNapoleon, Humanitarian and Man of Peace /$cEmile Rene Gueguen
=264  \1$a[Place of publication not identified] :$bVincendo Publishing,$c1993
=300  \\$avolume
=336  \\$atext$btxt$2rdacontent
=337  \\$aunmediated$bn$2rdamedia
=338  \\$avolume$bnc$2rdacarrier
=500  \\$aTitle on spreadsheet: "Napoleon: Humanitarian and Man of Peace."
=500  \\$aSigned and invoice.
=932  2\$aHorward Collection$9LOCAL
=936  1\$aHorward, Donald D.,$edonor$9LOCAL
=949  \\$aFTaSU$bFSUSP$cREVIEW$9LOCAL

