=LDR  00939nam a2200229Mi 4500
=008  \\\\\\s1938\\\\xx\\\\\\\\\\\\000\0\\\\\d
=040  \\$aFDA$beng$cFDA
=035  \\$a(FSUSCA)Horward_Row_2_Section_11_1862
=049  \\$lHorward_Row_2_Section_11_1862
=100  1\$aAbbatucci
=245  10$aNapoleon, Les Derniers Moments La Vraie Figure du De Antommarchi et L'Enigme Pathologique de Sainte Helene /$cDrs. Abbatucci and Mets
=264  \1$a[Place of publication not identified] :$bEditions Saint Jacques,$c1938
=300  \\$avolume
=336  \\$atext$btxt$2rdacontent
=337  \\$aunmediated$bn$2rdamedia
=338  \\$avolume$bnc$2rdacarrier
=500  \\$aTitle on spreadsheet: "Napoleon: Les Derniers Moments La Vraie Figure du De Antommarchi et L'Enigme Pathologique de Sainte Helene."
=500  \\$aNote.
=700  1\$aMets
=932  2\$aHorward Collection$9LOCAL
=936  1\$aHorward, Donald D.,$edonor$9LOCAL
=949  \\$aFTaSU$bFSUSP$cREVIEW$9LOCAL

