=LDR  00753nam a2200217Mi 4500
=008  \\\\\\s1977\\\\xx\\\\\\\\\\\\000\0\\\\\d
=040  \\$aFDA$beng$cFDA
=035  \\$a(FSUSCA)Horward_Row_2_Section_6_1006
=049  \\$lHorward_Row_2_Section_6_1006
=100  1\$aTulard, Jean
=245  10$aNapoleon, Ou Le Mythe Du Sauveur /$cJean Tulard
=264  \1$a[Place of publication not identified] :$bFayard,$c1977
=300  \\$avolume
=336  \\$atext$btxt$2rdacontent
=337  \\$aunmediated$bn$2rdamedia
=338  \\$avolume$bnc$2rdacarrier
=500  \\$aTitle on spreadsheet: "Napoleon: Ou Le Mythe Du Sauveur."
=500  \\$aCustom binding.
=932  2\$aHorward Collection$9LOCAL
=936  1\$aHorward, Donald D.,$edonor$9LOCAL
=949  \\$aFTaSU$bFSUSP$cREVIEW$9LOCAL

