=LDR  00807nam a2200229Mi 4500
=008  \\\\\\s1969\\\\xx\\\\\\\\\\\\000\0\\\\\d
=040  \\$aFDA$beng$cFDA
=035  \\$a(FSUSCA)Horward_Row_4_Section_8_2571
=049  \\$lHorward_Row_4_Section_8_2571
=100  1\$aParquin, Charles
=245  10$aNapoleon's Army /$cCharles Parquin (edited by B.T. Jones)
=264  \1$a[Place of publication not identified] :$bArchon Books,$c1969
=300  \\$avolume
=336  \\$atext$btxt$2rdacontent
=337  \\$aunmediated$bn$2rdamedia
=338  \\$avolume$bnc$2rdacarrier
=500  \\$aTitle on spreadsheet: "Napoleon's Army."
=500  \\$aPostcard from managing editor inside.
=700  1\$aJones, B. T.
=932  2\$aHorward Collection$9LOCAL
=936  1\$aHorward, Donald D.,$edonor$9LOCAL
=949  \\$aFTaSU$bFSUSP$cREVIEW$9LOCAL

