=LDR  00819nam a2200205Mi 4500
=008  \\\\\\s1997\\\\xx\\\\\\\\\\\\000\0\\\\\d
=040  \\$aFDA$beng$cFDA
=035  \\$a(FSUSCA)Horward_Row_2_Section_8_1283
=049  \\$lHorward_Row_2_Section_8_1283
=100  1\$aDempsey, Guy C. Jr.
=245  10$aNapoleon's Army 1807-1814 as depicted in the prints of Aaron Martinet /$cGuy C. Dempsey, Jr.
=264  \1$a[Place of publication not identified] :$bArms and Armour,$c1997
=300  \\$avolume
=336  \\$atext$btxt$2rdacontent
=337  \\$aunmediated$bn$2rdamedia
=338  \\$avolume$bnc$2rdacarrier
=500  \\$aTitle on spreadsheet: "Napoleon's Army 1807-1814 as depicted in the prints of Aaron Martinet."
=932  2\$aHorward Collection$9LOCAL
=936  1\$aHorward, Donald D.,$edonor$9LOCAL
=949  \\$aFTaSU$bFSUSP$cREVIEW$9LOCAL

