=LDR  00812nam a2200217Mi 4500
=008  \\\\\\s1966\\\\xx\\\\\\\\\\\\000\0\\\\\d
=040  \\$aFDA$beng$cFDA
=035  \\$a(FSUSCA)Horward_Row_2_Section_11_1995
=049  \\$lHorward_Row_2_Section_11_1995
=100  1\$aLachouque, Henry
=245  10$aNapoleon's Battles, A History of His Campaigns /$cHenry Lachouque
=264  \1$a[Place of publication not identified] :$bGeorge Allen and Unwin, Ltd.,$c1966
=300  \\$avolume
=336  \\$atext$btxt$2rdacontent
=337  \\$aunmediated$bn$2rdamedia
=338  \\$avolume$bnc$2rdacarrier
=500  \\$aTitle on spreadsheet: "Napoleon's Battles: A History of His Campaigns."
=500  \\$aNote in cover.
=932  2\$aHorward Collection$9LOCAL
=936  1\$aHorward, Donald D.,$edonor$9LOCAL
=949  \\$aFTaSU$bFSUSP$cREVIEW$9LOCAL

