=LDR  00797nam a2200205Mi 4500
=008  \\\\\\s1904\\\\xx\\\\\\\\\\\\000\0\\\\\d
=040  \\$aFDA$beng$cFDA
=035  \\$a(FSUSCA)Horward_Row_2_Section_1_69
=049  \\$lHorward_Row_2_Section_1_69
=100  1\$aAlger, J. Goldworth
=245  10$aNapoleon's British Visitors abd Captives 1801-1815 /$cAlger, J. Goldworth
=264  \1$a[Place of publication not identified] :$bArchibald Constable and Comany, Ltd,$c1904
=300  \\$avolume
=336  \\$atext$btxt$2rdacontent
=337  \\$aunmediated$bn$2rdamedia
=338  \\$avolume$bnc$2rdacarrier
=500  \\$aTitle on spreadsheet: "Napoleon's British Visitors abd Captives 1801-1815."
=932  2\$aHorward Collection$9LOCAL
=936  1\$aHorward, Donald D.,$edonor$9LOCAL
=949  \\$aFTaSU$bFSUSP$cREVIEW$9LOCAL

