=LDR  00817nam a2200217Mi 4500
=008  \\\\\\s1926\\\\xx\\\\\\\\\\\\000\0\\\\\d
=040  \\$aFDA$beng$cFDA
=035  \\$a(FSUSCA)Horward_Row_2_Section_1_122
=049  \\$lHorward_Row_2_Section_1_122
=100  1\$aBelloc, Hilaire
=245  10$aNapoleon's Campaign of 1812 and the Retreat from Moscow /$cBelloc, Hilaire
=264  \1$a[Place of publication not identified] :$bHarper and Brothers,$c1926
=300  \\$avolume
=336  \\$atext$btxt$2rdacontent
=337  \\$aunmediated$bn$2rdamedia
=338  \\$avolume$bnc$2rdacarrier
=500  \\$aTitle on spreadsheet: "Napoleon's Campaign of 1812 and the Retreat from Moscow."
=500  \\$aLoose ephemera.
=932  2\$aHorward Collection$9LOCAL
=936  1\$aHorward, Donald D.,$edonor$9LOCAL
=949  \\$aFTaSU$bFSUSP$cREVIEW$9LOCAL

