=LDR  00753nam a2200205Mi 4500
=008  \\\\\\s1931\\\\xx\\\\\\\\\\\\000\0\\\\\d
=040  \\$aFDA$beng$cFDA
=035  \\$a(FSUSCA)Horward_Row_2_Section_10_1687
=049  \\$lHorward_Row_2_Section_10_1687
=100  1\$aBurton, R.G.
=245  10$aNapoleon's Campaigns in Italy /$cBrig. General R.G. Burton
=264  \1$a[Place of publication not identified] :$bGeorge Allen and Unwin, Ltd.,$c1931
=300  \\$avolume
=336  \\$atext$btxt$2rdacontent
=337  \\$aunmediated$bn$2rdamedia
=338  \\$avolume$bnc$2rdacarrier
=500  \\$aTitle on spreadsheet: "Napoleon's Campaigns in Italy."
=932  2\$aHorward Collection$9LOCAL
=936  1\$aHorward, Donald D.,$edonor$9LOCAL
=949  \\$aFTaSU$bFSUSP$cREVIEW$9LOCAL

