=LDR  00772nam a2200205Mi 4500
=008  \\\\\\s1902\\\\xx\\\\\\\\\\\\000\0\\\\\d
=040  \\$aFDA$beng$cFDA
=035  \\$a(FSUSCA)Horward_Row_2_Section_1_143
=049  \\$lHorward_Row_2_Section_1_143
=100  1\$aSeaton, R.C.
=245  10$aNapoleon's Captivity in Relation to Sir Hudson Lowe /$cSeaton, R.C.
=264  \1$a[Place of publication not identified] :$bGeorge Bell and Sons,$c1902
=300  \\$avolume
=336  \\$atext$btxt$2rdacontent
=337  \\$aunmediated$bn$2rdamedia
=338  \\$avolume$bnc$2rdacarrier
=500  \\$aTitle on spreadsheet: "Napoleon's Captivity in Relation to Sir Hudson Lowe."
=932  2\$aHorward Collection$9LOCAL
=936  1\$aHorward, Donald D.,$edonor$9LOCAL
=949  \\$aFTaSU$bFSUSP$cREVIEW$9LOCAL

