=LDR  00824nam a2200217Mi 4500
=008  \\\\\\s2005\\\\xx\\\\\\\\\\\\000\0\\\\\d
=040  \\$aFDA$beng$cFDA
=035  \\$a(FSUSCA)Horward_Row_4_Section_6_2200
=049  \\$lHorward_Row_4_Section_6_2200
=100  1\$aSchneid, Frederick C.
=245  10$aNapoleon's Conquest of Europe, The Way of the Third Coalition /$cFrederick C. Schneid
=264  \1$a[Place of publication not identified] :$bPraeger,$c2005
=300  \\$avolume
=336  \\$atext$btxt$2rdacontent
=337  \\$aunmediated$bn$2rdamedia
=338  \\$avolume$bnc$2rdacarrier
=500  \\$aTitle on spreadsheet: "Napoleon's Conquest of Europe: The Way of the Third Coalition."
=500  \\$aEphemera.
=932  2\$aHorward Collection$9LOCAL
=936  1\$aHorward, Donald D.,$edonor$9LOCAL
=949  \\$aFTaSU$bFSUSP$cREVIEW$9LOCAL

