=LDR  00750nam a2200217Mi 4500
=008  \\\\\\s1965\\\\xx\\\\\\\\\\\\000\0\\\\\d
=040  \\$aFDA$beng$cFDA
=035  \\$a(FSUSCA)Horward_Row_4_Section_6_2317
=049  \\$lHorward_Row_4_Section_6_2317
=100  1\$aGoodspeed, D. J.
=245  10$aNapoleon's Eighty Days /$cD. J. Goodspeed
=264  \1$a[Place of publication not identified] :$bHoughton Mifflin Company,$c1965
=300  \\$avolume
=336  \\$atext$btxt$2rdacontent
=337  \\$aunmediated$bn$2rdamedia
=338  \\$avolume$bnc$2rdacarrier
=500  \\$aTitle on spreadsheet: "Napoleon's Eighty Days."
=500  \\$aNotes.
=932  2\$aHorward Collection$9LOCAL
=936  1\$aHorward, Donald D.,$edonor$9LOCAL
=949  \\$aFTaSU$bFSUSP$cREVIEW$9LOCAL

