=LDR  00749nam a2200205Mi 4500
=008  \\\\\\s2008\\\\xx\\\\\\\\\\\\000\0\\\\\d
=040  \\$aFDA$beng$cFDA
=035  \\$a(FSUSCA)Horward_Row_2_Section_8_1323
=049  \\$lHorward_Row_2_Section_8_1323
=100  1\$aGallaher, John G.
=245  10$aNapoleon's Enfant Terrible /$cJohn G. Gallaher
=264  \1$a[Place of publication not identified] :$bUniversity of Oklahoma press: Norman,$c2008
=300  \\$avolume
=336  \\$atext$btxt$2rdacontent
=337  \\$aunmediated$bn$2rdamedia
=338  \\$avolume$bnc$2rdacarrier
=500  \\$aTitle on spreadsheet: "Napoleon's Enfant Terrible."
=932  2\$aHorward Collection$9LOCAL
=936  1\$aHorward, Donald D.,$edonor$9LOCAL
=949  \\$aFTaSU$bFSUSP$cREVIEW$9LOCAL

