=LDR  00949nam a2200217Mi 4500
=008  \\\\\\s2006\\\\xx\\\\\\\\\\\\000\0\\\\\d
=040  \\$aFDA$beng$cFDA
=035  \\$a(FSUSCA)Horward_Row_4_Section_7_2328
=049  \\$lHorward_Row_4_Section_7_2328
=100  1\$aDeLaMater, Matthew
=245  10$aNapoleon's Finest Marshal Louis Davout and His 3rd Corps Combat Journal of Operations, 1805-1807 /$c(edited by) Matthew DeLaMater, Douglas C. DeLaMater
=264  \1$a[Place of publication not identified] :$bMilitary History Press,$c2006
=300  \\$avolume
=336  \\$atext$btxt$2rdacontent
=337  \\$aunmediated$bn$2rdamedia
=338  \\$avolume$bnc$2rdacarrier
=500  \\$aTitle on spreadsheet: "Napoleon's Finest Marshal Louis Davout and His 3rd Corps Combat Journal of Operations, 1805-1807."
=700  1\$aDeLaMater, Douglas C.
=932  2\$aHorward Collection$9LOCAL
=936  1\$aHorward, Donald D.,$edonor$9LOCAL
=949  \\$aFTaSU$bFSUSP$cREVIEW$9LOCAL

