=LDR  00802nam a2200217Mi 4500
=008  \\\\\\s1982\\\\xx\\\\\\\\\\\\000\0\\\\\d
=040  \\$aFDA$beng$cFDA
=035  \\$a(FSUSCA)Horward_Row_2_Section_11_1921
=049  \\$lHorward_Row_2_Section_11_1921
=100  1\$aRothenberg, Gunther E.
=245  10$aNapoleon's Great Adversaries /$cGunther E. Rothenberg
=264  \1$a[Place of publication not identified] :$bIndiana University Press,$c1982
=300  \\$avolume
=336  \\$atext$btxt$2rdacontent
=337  \\$aunmediated$bn$2rdamedia
=338  \\$avolume$bnc$2rdacarrier
=500  \\$aTitle on spreadsheet: "Napoleon's Great Adversaries."
=500  \\$aPamphlet version of book inside.
=932  2\$aHorward Collection$9LOCAL
=936  1\$aHorward, Donald D.,$edonor$9LOCAL
=949  \\$aFTaSU$bFSUSP$cREVIEW$9LOCAL

