=LDR  00904nam a2200229Mi 4500
=008  \\\\\\s1999\\\\xx\\\\\\\\\\\\000\0\\\\\d
=040  \\$aFDA$beng$cFDA
=035  \\$a(FSUSCA)Horward_Row_4_Section_6_2266
=049  \\$lHorward_Row_4_Section_6_2266
=100  1\$aForeman, Laura
=245  10$aNapoleon's Lost Fleet, Bonaparte, Nelson, and the Battle of the Nile /$cLaura Foreman and Ellen Blue Phillips
=264  \1$a[Place of publication not identified] :$bRoundtable Press,$c1999
=300  \\$avolume
=336  \\$atext$btxt$2rdacontent
=337  \\$aunmediated$bn$2rdamedia
=338  \\$avolume$bnc$2rdacarrier
=500  \\$aTitle on spreadsheet: "Napoleon's Lost Fleet: Bonaparte, Nelson, and the Battle of the Nile."
=500  \\$aTimes Books Review.
=700  1\$aPhillips, Ellen Blue
=932  2\$aHorward Collection$9LOCAL
=936  1\$aHorward, Donald D.,$edonor$9LOCAL
=949  \\$aFTaSU$bFSUSP$cREVIEW$9LOCAL

