=LDR  00780nam a2200229Mi 4500
=008  \\\\\\s2003\\\\xx\\\\\\\\\\\\000\0\\\\\d
=040  \\$aFDA$beng$cFDA
=035  \\$a(FSUSCA)Horward_Row_2_Section_10_1755
=049  \\$lHorward_Row_2_Section_10_1755
=100  1\$aZeitz, Lisa
=245  10$aNapoleon's Medaillen /$cLisa and Joachim Zeitz
=264  \1$a[Place of publication not identified] :$bMichael Imhof Verlag,$c2003
=300  \\$avolume
=336  \\$atext$btxt$2rdacontent
=337  \\$aunmediated$bn$2rdamedia
=338  \\$avolume$bnc$2rdacarrier
=500  \\$aTitle on spreadsheet: "Napoleon's Medaillen."
=500  \\$aOversize.
=700  1\$aZeitz, Joachim
=932  2\$aHorward Collection$9LOCAL
=936  1\$aHorward, Donald D.,$edonor$9LOCAL
=949  \\$aFTaSU$bFSUSP$cREVIEW$9LOCAL

