=LDR  00824nam a2200205Mi 4500
=008  \\\\\\s1998\\\\xx\\\\\\\\\\\\000\0\\\\\d
=040  \\$aFDA$beng$cFDA
=035  \\$a(FSUSCA)Horward_Row_2_Section_11_1893
=049  \\$lHorward_Row_2_Section_11_1893
=100  1\$aRidley, Ronald T.
=245  10$aNapoleon's Proconsul in Egypt, The Life and times of Bernardino Drovetti /$cRonald T. Ridley
=264  \1$a[Place of publication not identified] :$bThe Rubicon Press,$c1998
=300  \\$avolume
=336  \\$atext$btxt$2rdacontent
=337  \\$aunmediated$bn$2rdamedia
=338  \\$avolume$bnc$2rdacarrier
=500  \\$aTitle on spreadsheet: "Napoleon's Proconsul in Egypt: The Life and times of Bernardino Drovetti."
=932  2\$aHorward Collection$9LOCAL
=936  1\$aHorward, Donald D.,$edonor$9LOCAL
=949  \\$aFTaSU$bFSUSP$cREVIEW$9LOCAL

