=LDR  00829nam a2200217Mi 4500
=008  \\\\\\s1990\\\\xx\\\\\\\\\\\\000\0\\\\\d
=040  \\$aFDA$beng$cFDA
=035  \\$a(FSUSCA)Horward_Row_2_Section_10_1741
=049  \\$lHorward_Row_2_Section_10_1741
=100  1\$aConnelly, Owen
=245  10$aNapoleon's Satellite Kingdom, Managing Conquered Peoples /$cOwen Connelly
=264  \1$a[Place of publication not identified] :$bRobert E. Krieger Publishing Company,$c1990
=300  \\$avolume
=336  \\$atext$btxt$2rdacontent
=337  \\$aunmediated$bn$2rdamedia
=338  \\$avolume$bnc$2rdacarrier
=500  \\$aTitle on spreadsheet: "Napoleon's Satellite Kingdom: Managing Conquered Peoples."
=500  \\$aSigned.
=932  2\$aHorward Collection$9LOCAL
=936  1\$aHorward, Donald D.,$edonor$9LOCAL
=949  \\$aFTaSU$bFSUSP$cREVIEW$9LOCAL

