=LDR  00731nam a2200217Mi 4500
=008  \\\\\\s2007\\\\xx\\\\\\\\\\\\000\0\\\\\d
=040  \\$aFDA$beng$cFDA
=035  \\$a(FSUSCA)Horward_Row_2_Section_7_1257
=049  \\$lHorward_Row_2_Section_7_1257
=100  1\$aEsdaile, Charles
=245  10$aNapoleon's Wars /$cCharles Esdaile
=264  \1$a[Place of publication not identified] :$bPenguin Books,$c2007
=300  \\$avolume
=336  \\$atext$btxt$2rdacontent
=337  \\$aunmediated$bn$2rdamedia
=338  \\$avolume$bnc$2rdacarrier
=500  \\$aTitle on spreadsheet: "Napoleon's Wars."
=500  \\$aAutographed.
=932  2\$aHorward Collection$9LOCAL
=936  1\$aHorward, Donald D.,$edonor$9LOCAL
=949  \\$aFTaSU$bFSUSP$cREVIEW$9LOCAL

