=LDR  00704nam a2200205Mi 4500
=008  \\\\\\s1985\\\\xx\\\\\\\\\\\\000\0\\\\\d
=040  \\$aFDA$beng$cFDA
=035  \\$a(FSUSCA)Horward_Row_2_Section_2_204
=049  \\$lHorward_Row_2_Section_2_204
=100  1\$aNicolson, Nigel
=245  10$aNapoleon 1812 /$cNigel Nicolson
=264  \1$a[Place of publication not identified] :$bWeidenfeld and Nicolson,$c1985
=300  \\$avolume
=336  \\$atext$btxt$2rdacontent
=337  \\$aunmediated$bn$2rdamedia
=338  \\$avolume$bnc$2rdacarrier
=500  \\$aTitle on spreadsheet: "Napoleon 1812."
=932  2\$aHorward Collection$9LOCAL
=936  1\$aHorward, Donald D.,$edonor$9LOCAL
=949  \\$aFTaSU$bFSUSP$cREVIEW$9LOCAL

