=LDR  00782nam a2200229Mi 4500
=008  \\\\\\s1929\\\\xx\\\\\\\\\\\\000\0\\\\\d
=040  \\$aFDA$beng$cFDA
=035  \\$a(FSUSCA)Horward_Row_2_Section_1_128
=049  \\$lHorward_Row_2_Section_1_128
=100  1\$aFaure, Gabriel
=245  10$aNapoleon A Lafrey /$cFaure, Gabriel and Deleon, Marcel
=264  \1$a[Place of publication not identified] :$bEditions F. Dardelet,$c1929
=300  \\$avolume
=336  \\$atext$btxt$2rdacontent
=337  \\$aunmediated$bn$2rdamedia
=338  \\$avolume$bnc$2rdacarrier
=500  \\$aTitle on spreadsheet: "Napoleon A Lafrey."
=500  \\$aSigned.
=700  1\$aDeleon, Marcel
=932  2\$aHorward Collection$9LOCAL
=936  1\$aHorward, Donald D.,$edonor$9LOCAL
=949  \\$aFTaSU$bFSUSP$cREVIEW$9LOCAL

