=LDR  00719nam a2200217Mi 4500
=008  \\\\\\s2002\\\\xx\\\\\\\\\\\\000\0\\\\\d
=040  \\$aFDA$beng$cFDA
=035  \\$a(FSUSCA)Horward_Row_2_Section_9_1584
=049  \\$lHorward_Row_2_Section_9_1584
=100  1\$aLeggiere
=245  10$aNapoleon and Berlin /$cLeggiere
=264  \1$a[Place of publication not identified] :$bOklahoma,$c2002
=300  \\$avolume
=336  \\$atext$btxt$2rdacontent
=337  \\$aunmediated$bn$2rdamedia
=338  \\$avolume$bnc$2rdacarrier
=500  \\$aTitle on spreadsheet: "Napoleon and Berlin."
=500  \\$aAutographed.
=932  2\$aHorward Collection$9LOCAL
=936  1\$aHorward, Donald D.,$edonor$9LOCAL
=949  \\$aFTaSU$bFSUSP$cREVIEW$9LOCAL

