=LDR  00783nam a2200205Mi 4500
=008  \\\\\\s1988\\\\xx\\\\\\\\\\\\000\0\\\\\d
=040  \\$aFDA$beng$cFDA
=035  \\$a(FSUSCA)Horward_Row_4_Section_7_2471
=049  \\$lHorward_Row_4_Section_7_2471
=100  1\$aCarrington, Dorothy
=245  10$aNapoleon and His Parents, On the Threshold of History /$cDorothy Carrington
=264  \1$a[Place of publication not identified] :$bDutton Press,$c1988
=300  \\$avolume
=336  \\$atext$btxt$2rdacontent
=337  \\$aunmediated$bn$2rdamedia
=338  \\$avolume$bnc$2rdacarrier
=500  \\$aTitle on spreadsheet: "Napoleon and His Parents: On the Threshold of History."
=932  2\$aHorward Collection$9LOCAL
=936  1\$aHorward, Donald D.,$edonor$9LOCAL
=949  \\$aFTaSU$bFSUSP$cREVIEW$9LOCAL

