=LDR  00832nam a2200217Mi 4500
=008  \\\\\\s1989\\\\xx\\\\\\\\\\\\000\0\\\\\d
=040  \\$aFDA$beng$cFDA
=035  \\$a(FSUSCA)Horward_Row_4_Section_6_2276
=049  \\$lHorward_Row_4_Section_6_2276
=100  1\$aKafker, Frank A.
=245  10$aNapoleon and His Times, Selected Interpretations /$cFrank A. Kafker and James M. Laux
=264  \1$a[Place of publication not identified] :$bRobert E. Krieger Publishing,$c1989
=300  \\$avolume
=336  \\$atext$btxt$2rdacontent
=337  \\$aunmediated$bn$2rdamedia
=338  \\$avolume$bnc$2rdacarrier
=500  \\$aTitle on spreadsheet: "Napoleon and His Times: Selected Interpretations."
=700  1\$aLaux, James M.
=932  2\$aHorward Collection$9LOCAL
=936  1\$aHorward, Donald D.,$edonor$9LOCAL
=949  \\$aFTaSU$bFSUSP$cREVIEW$9LOCAL

