=LDR  00753nam a2200205Mi 4500
=008  \\\\\\s1924\\\\xx\\\\\\\\\\\\000\0\\\\\d
=040  \\$aFDA$beng$cFDA
=035  \\$a(FSUSCA)Horward_Row_2_Section_6_1058
=049  \\$lHorward_Row_2_Section_6_1058
=100  1\$aGeer, Walter
=245  10$aNapoleon and Josephine, The Rise of the Empire /$cWalter Geer
=264  \1$a[Place of publication not identified] :$bBrentano's,$c1924
=300  \\$avolume
=336  \\$atext$btxt$2rdacontent
=337  \\$aunmediated$bn$2rdamedia
=338  \\$avolume$bnc$2rdacarrier
=500  \\$aTitle on spreadsheet: "Napoleon and Josephine: The Rise of the Empire."
=932  2\$aHorward Collection$9LOCAL
=936  1\$aHorward, Donald D.,$edonor$9LOCAL
=949  \\$aFTaSU$bFSUSP$cREVIEW$9LOCAL

