=LDR  00763nam a2200205Mi 4500
=008  \\\\\\s1925\\\\xx\\\\\\\\\\\\000\0\\\\\d
=040  \\$aFDA$beng$cFDA
=035  \\$a(FSUSCA)Horward_Row_2_Section_2_357
=049  \\$lHorward_Row_2_Section_2_357
=100  1\$aGeer, Walter
=245  10$aNapoleon and Marie-Louise The Fall of the Empire /$cWalter Geer
=264  \1$a[Place of publication not identified] :$bThe Plimpton Press,$c1925
=300  \\$avolume
=336  \\$atext$btxt$2rdacontent
=337  \\$aunmediated$bn$2rdamedia
=338  \\$avolume$bnc$2rdacarrier
=500  \\$aTitle on spreadsheet: "Napoleon and Marie-Louise The Fall of the Empire."
=932  2\$aHorward Collection$9LOCAL
=936  1\$aHorward, Donald D.,$edonor$9LOCAL
=949  \\$aFTaSU$bFSUSP$cREVIEW$9LOCAL

