=LDR  00820nam a2200217Mi 4500
=008  \\\\\\s1996\\\\xx\\\\\\\\\\\\000\0\\\\\d
=040  \\$aFDA$beng$cFDA
=035  \\$a(FSUSCA)Horward_Row_2_Section_11_1871
=049  \\$lHorward_Row_2_Section_11_1871
=100  1\$aMcErlean, J.M.P.
=245  10$aNapoleon and Pozzo di Borgo in Corsca and After, 1764-1821 /$cJ.M.P. McErlean
=264  \1$a[Place of publication not identified] :$bEdwin Mellen Press,$c1996
=300  \\$avolume
=336  \\$atext$btxt$2rdacontent
=337  \\$aunmediated$bn$2rdamedia
=338  \\$avolume$bnc$2rdacarrier
=500  \\$aTitle on spreadsheet: "Napoleon and Pozzo di Borgo in Corsca and After, 1764-1821."
=500  \\$aInvoice.
=932  2\$aHorward Collection$9LOCAL
=936  1\$aHorward, Donald D.,$edonor$9LOCAL
=949  \\$aFTaSU$bFSUSP$cREVIEW$9LOCAL

