=LDR  00810nam a2200205Mi 4500
=008  \\\\\\s2006\\\\xx\\\\\\\\\\\\000\0\\\\\d
=040  \\$aFDA$beng$cFDA
=035  \\$a(FSUSCA)Horward_Row_2_Section_9_1585
=049  \\$lHorward_Row_2_Section_9_1585
=100  1\$aDague
=245  10$aNapoleon and the First Empire's Ministries of War and Military Adminsitration /$cDague
=264  \1$a[Place of publication not identified] :$bEdwin Mellen Press,$c2006
=300  \\$avolume
=336  \\$atext$btxt$2rdacontent
=337  \\$aunmediated$bn$2rdamedia
=338  \\$avolume$bnc$2rdacarrier
=500  \\$aTitle on spreadsheet: "Napoleon and the First Empire's Ministries of War and Military Adminsitration."
=932  2\$aHorward Collection$9LOCAL
=936  1\$aHorward, Donald D.,$edonor$9LOCAL
=949  \\$aFTaSU$bFSUSP$cREVIEW$9LOCAL

