=LDR  00745nam a2200217Mi 4500
=008  \\\\\\s1962\\\\xx\\\\\\\\\\\\000\0\\\\\d
=040  \\$aFDA$beng$cFDA
=035  \\$a(FSUSCA)Horward_Row_2_Section_1_89
=049  \\$lHorward_Row_2_Section_1_89
=100  1\$aHales, E.E.Y.
=245  10$aNapoleon and the Pope /$cHales, E.E.Y.
=264  \1$a[Place of publication not identified] :$bEarle and Spottiswood,$c1962
=300  \\$avolume
=336  \\$atext$btxt$2rdacontent
=337  \\$aunmediated$bn$2rdamedia
=338  \\$avolume$bnc$2rdacarrier
=500  \\$aTitle on spreadsheet: "Napoleon and the Pope."
=500  \\$aLoose ephemera.
=932  2\$aHorward Collection$9LOCAL
=936  1\$aHorward, Donald D.,$edonor$9LOCAL
=949  \\$aFTaSU$bFSUSP$cREVIEW$9LOCAL

