=LDR  00884nam a2200205Mi 4500
=008  \\\\\\s1977\\\\xx\\\\\\\\\\\\000\0\\\\\d
=040  \\$aFDA$beng$cFDA
=035  \\$a(FSUSCA)Horward_Row_2_Section_2_182
=049  \\$lHorward_Row_2_Section_2_182
=100  1\$aHamburger, Joseph
=245  10$aNapoleon and the Restoration of the Bourbons, The completed portion of the Macaulay's projected /$cedited by Joseph Hamburger
=264  \1$a[Place of publication not identified] :$bColumbia University Press,$c1977
=300  \\$avolume
=336  \\$atext$btxt$2rdacontent
=337  \\$aunmediated$bn$2rdamedia
=338  \\$avolume$bnc$2rdacarrier
=500  \\$aTitle on spreadsheet: "Napoleon and the Restoration of the Bourbons: The completed portion of the Macaulay's projected."
=932  2\$aHorward Collection$9LOCAL
=936  1\$aHorward, Donald D.,$edonor$9LOCAL
=949  \\$aFTaSU$bFSUSP$cREVIEW$9LOCAL

