=LDR  00762nam a2200217Mi 4500
=008  \\\\\\s1943\\\\xx\\\\\\\\\\\\000\0\\\\\d
=040  \\$aFDA$beng$cFDA
=035  \\$a(FSUSCA)Horward_Row_2_Section_6_929
=049  \\$lHorward_Row_2_Section_6_929
=100  1\$aMackenzie, Faith Compton
=245  10$aNapoleon at the Briars /$cFaith Compton Mackenzie
=250  \\$alimited edition
=264  \1$a[Place of publication not identified] :$bJonathan Cape,$c1943
=300  \\$avolume
=336  \\$atext$btxt$2rdacontent
=337  \\$aunmediated$bn$2rdamedia
=338  \\$avolume$bnc$2rdacarrier
=500  \\$aTitle on spreadsheet: "Napoleon at the Briars."
=932  2\$aHorward Collection$9LOCAL
=936  1\$aHorward, Donald D.,$edonor$9LOCAL
=949  \\$aFTaSU$bFSUSP$cREVIEW$9LOCAL

