=LDR  00740nam a2200217Mi 4500
=008  \\\\\\s1957\\\\xx\\\\\\\\\\\\000\0\\\\\d
=040  \\$aFDA$beng$cFDA
=035  \\$a(FSUSCA)Horward_Row_2_Section_10_1704
=049  \\$lHorward_Row_2_Section_10_1704
=100  1\$aFleischman, Theo
=245  10$aNapoleon Au Bivouac /$cTheo Fleischman
=250  \\$a2nd 
=264  \1$a[Place of publication not identified] :$bBrepolis and Garnier,$c1957
=300  \\$avolume
=336  \\$atext$btxt$2rdacontent
=337  \\$aunmediated$bn$2rdamedia
=338  \\$avolume$bnc$2rdacarrier
=500  \\$aTitle on spreadsheet: "Napoleon Au Bivouac."
=932  2\$aHorward Collection$9LOCAL
=936  1\$aHorward, Donald D.,$edonor$9LOCAL
=949  \\$aFTaSU$bFSUSP$cREVIEW$9LOCAL

