=LDR  00797nam a2200205Mi 4500
=008  \\\\\\s1949\\\\xx\\\\\\\\\\\\000\0\\\\\d
=040  \\$aFDA$beng$cFDA
=035  \\$a(FSUSCA)Horward_Row_2_Section_1_67
=049  \\$lHorward_Row_2_Section_1_67
=110  2\$ala Societe des Amis du Musee de l'Armee a l'Hotel des Invalides
=245  10$aNapoleon Bonaparte /$cla Societe des Amis du Musee de l"Armee a l'Hotel des Invalides
=264  \1$a[Place of publication not identified] :$bMai-Octobre,$c1949
=300  \\$avolume
=336  \\$atext$btxt$2rdacontent
=337  \\$aunmediated$bn$2rdamedia
=338  \\$avolume$bnc$2rdacarrier
=500  \\$aTitle on spreadsheet: "Napoleon Bonaparte."
=932  2\$aHorward Collection$9LOCAL
=936  1\$aHorward, Donald D.,$edonor$9LOCAL
=949  \\$aFTaSU$bFSUSP$cREVIEW$9LOCAL

