=LDR  00754nam a2200205Mi 4500
=008  \\\\\\s1969\\\\xx\\\\\\\\\\\\000\0\\\\\d
=040  \\$aFDA$beng$cFDA
=035  \\$a(FSUSCA)Horward_Row_2_Section_1_140
=049  \\$lHorward_Row_2_Section_1_140
=100  1\$aMassin, Jean
=245  10$aNapoleon Bonaparte L'Oeuvre et L'Histoire /$cMassin, Jean
=264  \1$a[Place of publication not identified] :$bClub Francais de Livre,$c1969
=300  \\$avolume
=336  \\$atext$btxt$2rdacontent
=337  \\$aunmediated$bn$2rdamedia
=338  \\$avolume$bnc$2rdacarrier
=500  \\$aTitle on spreadsheet: "Napoleon Bonaparte L'Oeuvre et L'Histoire."
=932  2\$aHorward Collection$9LOCAL
=936  1\$aHorward, Donald D.,$edonor$9LOCAL
=949  \\$aFTaSU$bFSUSP$cREVIEW$9LOCAL

