=LDR  00793nam a2200229Mi 4500
=008  \\\\\\s1939\\\\xx\\\\\\\\\\\\000\0\\\\\d
=040  \\$aFDA$beng$cFDA
=035  \\$a(FSUSCA)Horward_Row_2_Section_3_446
=049  \\$lHorward_Row_2_Section_3_446
=100  1\$aBesson, Maurice
=245  10$aNapoleon Colonial /$cMaurice Besson et Robert Chauvelot
=264  \1$a[Place of publication not identified] :$bSociete D'Editions,$c1939
=300  \\$avolume
=336  \\$atext$btxt$2rdacontent
=337  \\$aunmediated$bn$2rdamedia
=338  \\$avolume$bnc$2rdacarrier
=500  \\$aTitle on spreadsheet: "Napoleon Colonial."
=500  \\$aCustom binding.
=700  1\$aChauvelot, Robert
=932  2\$aHorward Collection$9LOCAL
=936  1\$aHorward, Donald D.,$edonor$9LOCAL
=949  \\$aFTaSU$bFSUSP$cREVIEW$9LOCAL

