=LDR  00759nam a2200217Mi 4500
=008  \\\\\\s1946\\\\xx\\\\\\\\\\\\000\0\\\\\d
=040  \\$aFDA$beng$cFDA
=035  \\$a(FSUSCA)Horward_Row_4_Section_7_2405
=049  \\$lHorward_Row_4_Section_7_2405
=100  1\$aLucas-Dubreton, J.
=245  10$aNapoleon Devant L'Espagne /$cJ. Lucas-Dubreton
=264  \1$a[Place of publication not identified] :$bArtheme Fayard,$c1946
=300  \\$avolume
=336  \\$atext$btxt$2rdacontent
=337  \\$aunmediated$bn$2rdamedia
=338  \\$avolume$bnc$2rdacarrier
=500  \\$aTitle on spreadsheet: "Napoleon Devant L'Espagne."
=500  \\$aCustom binding.
=932  2\$aHorward Collection$9LOCAL
=936  1\$aHorward, Donald D.,$edonor$9LOCAL
=949  \\$aFTaSU$bFSUSP$cREVIEW$9LOCAL

