=LDR  00770nam a2200217Mi 4500
=008  \\\\\\s1959\\\\xx\\\\\\\\\\\\000\0\\\\\d
=040  \\$aFDA$beng$cFDA
=035  \\$a(FSUSCA)Horward_Row_4_Section_8_2626
=049  \\$lHorward_Row_4_Section_8_2626
=100  1\$aChristophe
=245  10$aNapoleon Empereur de L'Ile D'Elbe /$cChristophe
=264  \1$a[Place of publication not identified] :$bLibrairie Artheme Fayard,$c1959
=300  \\$avolume
=336  \\$atext$btxt$2rdacontent
=337  \\$aunmediated$bn$2rdamedia
=338  \\$avolume$bnc$2rdacarrier
=500  \\$aTitle on spreadsheet: "Napoleon Empereur de L'Ile D'Elbe."
=500  \\$aCustom binding.
=932  2\$aHorward Collection$9LOCAL
=936  1\$aHorward, Donald D.,$edonor$9LOCAL
=949  \\$aFTaSU$bFSUSP$cREVIEW$9LOCAL

