=LDR  00844nam a2200217Mi 4500
=008  \\\\\\s1893\\\\xx\\\\\\\\\\\\000\0\\\\\d
=040  \\$aFDA$beng$cFDA
=035  \\$a(FSUSCA)Horward_Row_2_Section_11_1950
=049  \\$lHorward_Row_2_Section_11_1950
=100  1\$aVandal, Albert
=245  10$aNapoleon et Alexandre Ier, L'Alliance Russe Sous Le Premier Empire /$cAlbert Vandal
=264  \1$a[Place of publication not identified] :$bE. Plon, Nourrit et Cie,$c1893
=300  \\$avolume
=336  \\$atext$btxt$2rdacontent
=337  \\$aunmediated$bn$2rdamedia
=338  \\$avolume$bnc$2rdacarrier
=500  \\$aTitle on spreadsheet: "Napoleon et Alexandre Ier: L'Alliance Russe Sous Le Premier Empire."
=500  \\$aCustom binding.
=932  2\$aHorward Collection$9LOCAL
=936  1\$aHorward, Donald D.,$edonor$9LOCAL
=949  \\$aFTaSU$bFSUSP$cREVIEW$9LOCAL

