=LDR  00782nam a2200229Mi 4500
=008  \\\\\\s1960\\\\xx\\\\\\\\\\\\000\0\\\\\d
=040  \\$aFDA$beng$cFDA
=035  \\$a(FSUSCA)Horward_Row_2_Section_2_313
=049  \\$lHorward_Row_2_Section_2_313
=100  1\$aSavant, Jean
=245  10$aNapoleon et Josephine /$cJean Savant
=250  \\$aEdition Integrale 
=264  \1$a[Place of publication not identified] :$bLibrairie Artheme Fayard,$c1960
=300  \\$avolume
=336  \\$atext$btxt$2rdacontent
=337  \\$aunmediated$bn$2rdamedia
=338  \\$avolume$bnc$2rdacarrier
=500  \\$aTitle on spreadsheet: "Napoleon et Josephine."
=500  \\$aCustom binding.
=932  2\$aHorward Collection$9LOCAL
=936  1\$aHorward, Donald D.,$edonor$9LOCAL
=949  \\$aFTaSU$bFSUSP$cREVIEW$9LOCAL

