=LDR  00885nam a2200217Mi 4500
=008  \\\\\\s1942\\\\xx\\\\\\\\\\\\000\0\\\\\d
=040  \\$aFDA$beng$cFDA
=035  \\$a(FSUSCA)Horward_Row_2_Section_3_428
=049  \\$lHorward_Row_2_Section_3_428
=100  1\$aDunan, Marcel
=245  10$aNapoleon et L'allemagne, Le Systeme Continental et Les Debuts Du Royaume de Baviere, 1806-1810 /$cMarcel Dunan
=264  \1$a[Place of publication not identified] :$bLibrairie Plon,$c1942
=300  \\$avolume
=336  \\$atext$btxt$2rdacontent
=337  \\$aunmediated$bn$2rdamedia
=338  \\$avolume$bnc$2rdacarrier
=500  \\$aTitle on spreadsheet: "Napoleon et L'allemagne: Le Systeme Continental et Les Debuts Du Royaume de Baviere, 1806-1810."
=500  \\$aCustom binding.
=932  2\$aHorward Collection$9LOCAL
=936  1\$aHorward, Donald D.,$edonor$9LOCAL
=949  \\$aFTaSU$bFSUSP$cREVIEW$9LOCAL

