=LDR  00808nam a2200217Mi 4500
=008  \\\\\\s1922\\\\xx\\\\\\\\\\\\000\0\\\\\d
=040  \\$aFDA$beng$cFDA
=035  \\$a(FSUSCA)Horward_Row_4_Section_6_2287
=049  \\$lHorward_Row_4_Section_6_2287
=100  1\$aBarbagelata, Hugo D.
=245  10$aNapoleon et L'Amerique Espagnole /$cHugo D. Barbagelata
=264  \1$a[Place of publication not identified] :$bInstitutio Historico y Geografico del Uruguay,$c1922
=300  \\$avolume
=336  \\$atext$btxt$2rdacontent
=337  \\$aunmediated$bn$2rdamedia
=338  \\$avolume$bnc$2rdacarrier
=500  \\$aTitle on spreadsheet: "Napoleon et L'Amerique Espagnole."
=500  \\$aCustom binding.
=932  2\$aHorward Collection$9LOCAL
=936  1\$aHorward, Donald D.,$edonor$9LOCAL
=949  \\$aFTaSU$bFSUSP$cREVIEW$9LOCAL

