=LDR  00851nam a2200217Mi 4500
=008  \\\\\\s1947\\\\xx\\\\\\\\\\\\000\0\\\\\d
=040  \\$aFDA$beng$cFDA
=035  \\$a(FSUSCA)Horward_Row_2_Section_3_385
=049  \\$lHorward_Row_2_Section_3_385
=100  1\$aVillemain, M.
=245  10$aNapoleon et L'Europe ou Napoleon Explique Par Lui Meme, 1812-1813 /$cM. Villemain
=264  \1$a[Place of publication not identified] :$bEditions Stock: Delamain et Boutelleau,$c1947
=300  \\$avolume
=336  \\$atext$btxt$2rdacontent
=337  \\$aunmediated$bn$2rdamedia
=338  \\$avolume$bnc$2rdacarrier
=500  \\$aTitle on spreadsheet: "Napoleon et L'Europe ou Napoleon Explique Par Lui Meme, 1812-1813."
=500  \\$aCustom binding.
=932  2\$aHorward Collection$9LOCAL
=936  1\$aHorward, Donald D.,$edonor$9LOCAL
=949  \\$aFTaSU$bFSUSP$cREVIEW$9LOCAL

