=LDR  00721nam a2200205Mi 4500
=008  \\\\\\s1969\\\\xx\\\\\\\\\\\\000\0\\\\\d
=040  \\$aFDA$beng$cFDA
=035  \\$a(FSUSCA)Horward_Row_4_Section_6_2159
=049  \\$lHorward_Row_4_Section_6_2159
=100  1\$aSpillman, G.Spillman
=245  10$aNapoleon et L'Islam /$cGeneral G. Spillman
=264  \1$a[Place of publication not identified] :$bLibrairie Perrin,$c1969
=300  \\$avolume
=336  \\$atext$btxt$2rdacontent
=337  \\$aunmediated$bn$2rdamedia
=338  \\$avolume$bnc$2rdacarrier
=500  \\$aTitle on spreadsheet: "Napoleon et L'Islam."
=932  2\$aHorward Collection$9LOCAL
=936  1\$aHorward, Donald D.,$edonor$9LOCAL
=949  \\$aFTaSU$bFSUSP$cREVIEW$9LOCAL

