=LDR  00777nam a2200205Mi 4500
=008  \\\\\\s1922\\\\xx\\\\\\\\\\\\000\0\\\\\d
=040  \\$aFDA$beng$cFDA
=035  \\$a(FSUSCA)Horward_Row_2_Section_1_94
=049  \\$lHorward_Row_2_Section_1_94
=100  1\$aSaint Denis, Louis Etienne
=245  10$aNapoleon from the Tuileries to St. Helena /$cSaint Denis, Louis Etienne
=264  \1$a[Place of publication not identified] :$bHarper and Brothers,$c1922
=300  \\$avolume
=336  \\$atext$btxt$2rdacontent
=337  \\$aunmediated$bn$2rdamedia
=338  \\$avolume$bnc$2rdacarrier
=500  \\$aTitle on spreadsheet: "Napoleon from the Tuileries to St. Helena."
=932  2\$aHorward Collection$9LOCAL
=936  1\$aHorward, Donald D.,$edonor$9LOCAL
=949  \\$aFTaSU$bFSUSP$cREVIEW$9LOCAL

