=LDR  00821nam a2200217Mi 4500
=008  \\\\\\s1880\\\\xx\\\\\\\\\\\\000\0\\\\\d
=040  \\$aFDA$beng$cFDA
=035  \\$a(FSUSCA)Horward_Row_2_Section_3_401
=049  \\$lHorward_Row_2_Section_3_401
=100  1\$aEdmond-Blanc, Amedee
=245  10$aNapoleon I, Ses Institutions Civiles et Administratives /$cAmedee Edmond-Blanc
=264  \1$a[Place of publication not identified] :$bE. Plon et Cie,$c1880
=300  \\$avolume
=336  \\$atext$btxt$2rdacontent
=337  \\$aunmediated$bn$2rdamedia
=338  \\$avolume$bnc$2rdacarrier
=500  \\$aTitle on spreadsheet: "Napoleon I: Ses Institutions Civiles et Administratives."
=500  \\$aCustom binding.
=932  2\$aHorward Collection$9LOCAL
=936  1\$aHorward, Donald D.,$edonor$9LOCAL
=949  \\$aFTaSU$bFSUSP$cREVIEW$9LOCAL

