=LDR  00776nam a2200205Mi 4500
=008  \\\\\\s1904\\\\xx\\\\\\\\\\\\000\0\\\\\d
=040  \\$aFDA$beng$cFDA
=035  \\$a(FSUSCA)Horward_Row_2_Section_11_2014
=049  \\$lHorward_Row_2_Section_11_2014
=100  1\$aJohnston, R. M.
=245  14$aThe Napoleonic Empire in Southern Italy.$nVol. II /$cR. M. Johnston
=264  \1$a[Place of publication not identified] :$bMacmillan and Co LTD,$c1904
=300  \\$avolume
=336  \\$atext$btxt$2rdacontent
=337  \\$aunmediated$bn$2rdamedia
=338  \\$avolume$bnc$2rdacarrier
=500  \\$aTitle on spreadsheet: "The Napoleonic Empire in Southern Italy, Vol. II."
=932  2\$aHorward Collection$9LOCAL
=936  1\$aHorward, Donald D.,$edonor$9LOCAL
=949  \\$aFTaSU$bFSUSP$cREVIEW$9LOCAL

