=LDR  00845nam a2200205Mi 4500
=008  \\\\\\s1997\\\\xx\\\\\\\\\\\\000\0\\\\\d
=040  \\$aFDA$beng$cFDA
=035  \\$a(FSUSCA)Horward_Row_2_Section_8_1295
=049  \\$lHorward_Row_2_Section_8_1295
=100  1\$aBroers, Michael
=245  10$aNapoleonic Imperialism and the Savoyard Monarchy 1773-1821 State Building in Piedmont /$cMichael Broers
=264  \1$a[Place of publication not identified] :$bEdwin Mellen Press,$c1997
=300  \\$avolume
=336  \\$atext$btxt$2rdacontent
=337  \\$aunmediated$bn$2rdamedia
=338  \\$avolume$bnc$2rdacarrier
=500  \\$aTitle on spreadsheet: "Napoleonic Imperialism and the Savoyard Monarchy 1773-1821 State Building in Piedmont."
=932  2\$aHorward Collection$9LOCAL
=936  1\$aHorward, Donald D.,$edonor$9LOCAL
=949  \\$aFTaSU$bFSUSP$cREVIEW$9LOCAL

