=LDR  00766nam a2200205Mi 4500
=008  \\\\\\s1997\\\\xx\\\\\\\\\\\\000\0\\\\\d
=040  \\$aFDA$beng$cFDA
=035  \\$a(FSUSCA)Horward_Row_4_Section_7_2351
=049  \\$lHorward_Row_4_Section_7_2351
=100  1\$aOttinger, William F.
=245  10$aNapoleonic Plastic Figure Modelling /$cWilliam F. Ottinger
=264  \1$a[Place of publication not identified] :$bWindrow and Greene Publishing,$c1997
=300  \\$avolume
=336  \\$atext$btxt$2rdacontent
=337  \\$aunmediated$bn$2rdamedia
=338  \\$avolume$bnc$2rdacarrier
=500  \\$aTitle on spreadsheet: "Napoleonic Plastic Figure Modelling."
=932  2\$aHorward Collection$9LOCAL
=936  1\$aHorward, Donald D.,$edonor$9LOCAL
=949  \\$aFTaSU$bFSUSP$cREVIEW$9LOCAL

