=LDR  00730nam a2200205Mi 4500
=008  \\\\\\s1950\\\\xx\\\\\\\\\\\\000\0\\\\\d
=040  \\$aFDA$beng$cFDA
=035  \\$a(FSUSCA)Horward_Row_2_Section_1_38
=049  \\$lHorward_Row_2_Section_1_38
=100  1\$aHoffman, Robert
=245  10$aNapoleonic Propaganda /$cHoffman, Robert
=264  \1$a[Place of publication not identified] :$bLouisisanna State University Press,$c1950
=300  \\$avolume
=336  \\$atext$btxt$2rdacontent
=337  \\$aunmediated$bn$2rdamedia
=338  \\$avolume$bnc$2rdacarrier
=500  \\$aTitle on spreadsheet: "Napoleonic Propaganda."
=932  2\$aHorward Collection$9LOCAL
=936  1\$aHorward, Donald D.,$edonor$9LOCAL
=949  \\$aFTaSU$bFSUSP$cREVIEW$9LOCAL

