=LDR  00752nam a2200217Mi 4500
=008  \\\\\\s1967\\\\xx\\\\\\\\\\\\000\0\\\\\d
=040  \\$aFDA$beng$cFDA
=035  \\$a(FSUSCA)Horward_Row_4_Section_8_2565
=049  \\$lHorward_Row_4_Section_8_2565
=100  1\$aMorris, Thomas
=245  14$aThe Napoleonic Wars /$cThomas Morris (edited by John Selby)
=264  \1$a[Place of publication not identified] :$bLongmans,$c1967
=300  \\$avolume
=336  \\$atext$btxt$2rdacontent
=337  \\$aunmediated$bn$2rdamedia
=338  \\$avolume$bnc$2rdacarrier
=500  \\$aTitle on spreadsheet: "The Napoleonic Wars."
=700  1\$aSelby, John
=932  2\$aHorward Collection$9LOCAL
=936  1\$aHorward, Donald D.,$edonor$9LOCAL
=949  \\$aFTaSU$bFSUSP$cREVIEW$9LOCAL

