=LDR  00794nam a2200217Mi 4500
=008  \\\\\\s2020\\\\xx\\\\\\\\\\\\000\0\\\\\d
=040  \\$aFDA$beng$cFDA
=035  \\$a(FSUSCA)Horward_Row_2_Section_10_1764
=049  \\$lHorward_Row_2_Section_10_1764
=100  1\$aMikaberidze, Alexander
=245  14$aThe Napoleonic Wars, A Global History /$cAlexander Mikaberidze
=264  \1$a[Place of publication not identified] :$bOxford University Press,$c2020
=300  \\$avolume
=336  \\$atext$btxt$2rdacontent
=337  \\$aunmediated$bn$2rdamedia
=338  \\$avolume$bnc$2rdacarrier
=500  \\$aTitle on spreadsheet: "The Napoleonic Wars: A Global History."
=500  \\$aSigned.
=932  2\$aHorward Collection$9LOCAL
=936  1\$aHorward, Donald D.,$edonor$9LOCAL
=949  \\$aFTaSU$bFSUSP$cREVIEW$9LOCAL

