=LDR  00865nam a2200229Mi 4500
=008  \\\\\\s2004\\\\xx\\\\\\\\\\\\000\0\\\\\d
=040  \\$aFDA$beng$cFDA
=035  \\$a(FSUSCA)Horward_Row_2_Section_11_1996
=049  \\$lHorward_Row_2_Section_11_1996
=100  1\$aFremont-Barnes, Gregory
=245  14$aThe Napoleonic Wars, The Rise and Fall of an Empire /$cGregory Fremont-Barnes and Todd Fisher
=264  \1$a[Place of publication not identified] :$bOsprey Publishing,$c2004
=300  \\$avolume
=336  \\$atext$btxt$2rdacontent
=337  \\$aunmediated$bn$2rdamedia
=338  \\$avolume$bnc$2rdacarrier
=500  \\$aTitle on spreadsheet: "The Napoleonic Wars: The Rise and Fall of an Empire."
=500  \\$aEnvelope.
=700  1\$aFisher, Todd
=932  2\$aHorward Collection$9LOCAL
=936  1\$aHorward, Donald D.,$edonor$9LOCAL
=949  \\$aFTaSU$bFSUSP$cREVIEW$9LOCAL

