=LDR  00765nam a2200217Mi 4500
=008  \\\\\\s1998\\\\xx\\\\\\\\\\\\000\0\\\\\d
=040  \\$aFDA$beng$cFDA
=035  \\$a(FSUSCA)Horward_Row_4_Section_7_2354
=049  \\$lHorward_Row_4_Section_7_2354
=100  1\$aSmith, Digby
=245  14$aThe Napoleonic Wars Data Book /$cDigby Smith
=264  \1$a[Place of publication not identified] :$bGreenhill Books,$c1998
=300  \\$avolume
=336  \\$atext$btxt$2rdacontent
=337  \\$aunmediated$bn$2rdamedia
=338  \\$avolume$bnc$2rdacarrier
=500  \\$aTitle on spreadsheet: "The Napoleonic Wars Data Book."
=500  \\$aHorward review in cover.
=932  2\$aHorward Collection$9LOCAL
=936  1\$aHorward, Donald D.,$edonor$9LOCAL
=949  \\$aFTaSU$bFSUSP$cREVIEW$9LOCAL

