=LDR  00934nam a2200229Mi 4500
=008  \\\\\\s1804\\\\xx\\\\\\\\\\\\000\0\\\\\d
=040  \\$aFDA$beng$cFDA
=035  \\$a(FSUSCA)Horward_Row_2_Section_8_1450
=049  \\$lHorward_Row_2_Section_8_1450
=100  1\$aGrof, Gustav
=245  10$aNapoleonn Bonaparte und das franzosische Volk unter seinem Consulate /$cGustav Grof
=264  \1$a[Place of publication not identified] :$bGermanien,$c1804
=300  \\$avolume
=336  \\$atext$btxt$2rdacontent
=337  \\$aunmediated$bn$2rdamedia
=338  \\$avolume$bnc$2rdacarrier
=500  \\$aTitle on spreadsheet: "Napoleonn Bonaparte und das franzosische Volk unter seinem Consulate."
=500  \\$aNeeds serious fixing/re-housing box.
=500  \\$aNapoleonn Bonaparte und das franzosische Volk unter seinem Consulate
=932  2\$aHorward Collection$9LOCAL
=936  1\$aHorward, Donald D.,$edonor$9LOCAL
=949  \\$aFTaSU$bFSUSP$cREVIEW$9LOCAL

