=LDR  00723nam a2200205Mi 4500
=008  \\\\\\s1931\\\\xx\\\\\\\\\\\\000\0\\\\\d
=040  \\$aFDA$beng$cFDA
=035  \\$a(FSUSCA)Horward_Row_2_Section_9_1545
=049  \\$lHorward_Row_2_Section_9_1545
=100  1\$aAdye, John
=245  10$aNapoleon of the Snows /$cMajor General Sir John Adye
=264  \1$a[Place of publication not identified] :$bNash and Grayson,$c1931
=300  \\$avolume
=336  \\$atext$btxt$2rdacontent
=337  \\$aunmediated$bn$2rdamedia
=338  \\$avolume$bnc$2rdacarrier
=500  \\$aTitle on spreadsheet: "Napoleon of the Snows."
=932  2\$aHorward Collection$9LOCAL
=936  1\$aHorward, Donald D.,$edonor$9LOCAL
=949  \\$aFTaSU$bFSUSP$cREVIEW$9LOCAL

