=LDR  00757nam a2200205Mi 4500
=008  \\\\\\s1931\\\\xx\\\\\\\\\\\\000\0\\\\\d
=040  \\$aFDA$beng$cFDA
=035  \\$a(FSUSCA)Horward_Row_2_Section_2_183
=049  \\$lHorward_Row_2_Section_2_183
=100  1\$aHegemann, Werner
=245  10$aNapoleon or Prostration before the Hero /$cWerner Hegemann
=264  \1$a[Place of publication not identified] :$bConstable and Co Ltd,$c1931
=300  \\$avolume
=336  \\$atext$btxt$2rdacontent
=337  \\$aunmediated$bn$2rdamedia
=338  \\$avolume$bnc$2rdacarrier
=500  \\$aTitle on spreadsheet: "Napoleon or "Prostration before the Hero"."
=932  2\$aHorward Collection$9LOCAL
=936  1\$aHorward, Donald D.,$edonor$9LOCAL
=949  \\$aFTaSU$bFSUSP$cREVIEW$9LOCAL

