=LDR  00800nam a2200205Mi 4500
=008  \\\\\\s1809\\\\xx\\\\\\\\\\\\000\0\\\\\d
=040  \\$aFDA$beng$cFDA
=035  \\$a(FSUSCA)Horward_Row_2_Section_2_355
=049  \\$lHorward_Row_2_Section_2_355
=100  1\$aMoore, James
=245  10$aNarrative of the Campaign of the British Army in Spain /$cJames Moore, Esq
=264  \1$a[Place of publication not identified] :$bJosephJohnson, St.Paul's Church Yard,$c1809
=300  \\$avolume
=336  \\$atext$btxt$2rdacontent
=337  \\$aunmediated$bn$2rdamedia
=338  \\$avolume$bnc$2rdacarrier
=500  \\$aTitle on spreadsheet: "A Narrative of the Campaign of the British Army in Spain."
=932  2\$aHorward Collection$9LOCAL
=936  1\$aHorward, Donald D.,$edonor$9LOCAL
=949  \\$aFTaSU$bFSUSP$cREVIEW$9LOCAL

