=LDR  00808nam a2200217Mi 4500
=008  \\\\\\s1889\\\\xx\\\\\\\\\\\\000\0\\\\\d
=040  \\$aFDA$beng$cFDA
=035  \\$a(FSUSCA)Horward_Row_2_Section_11_1954
=049  \\$lHorward_Row_2_Section_11_1954
=100  1\$aDobson, William T.
=245  10$aNarrative of the Peninsular Campaign, 1807-1814 /$cWilliam T. Dobson
=264  \1$a[Place of publication not identified] :$bBickers and Son,$c1889
=300  \\$avolume
=336  \\$atext$btxt$2rdacontent
=337  \\$aunmediated$bn$2rdamedia
=338  \\$avolume$bnc$2rdacarrier
=500  \\$aTitle on spreadsheet: "A Narrative of the Peninsular Campaign, 1807-1814."
=500  \\$aCustom binding.
=932  2\$aHorward Collection$9LOCAL
=936  1\$aHorward, Donald D.,$edonor$9LOCAL
=949  \\$aFTaSU$bFSUSP$cREVIEW$9LOCAL

