=LDR  00858nam a2200217Mi 4500
=008  \\\\\\s1951\\\\xx\\\\\\\\\\\\000\0\\\\\d
=040  \\$aFDA$beng$cFDA
=035  \\$a(FSUSCA)Horward_Row_2_Section_3_508
=049  \\$lHorward_Row_2_Section_3_508
=100  1\$aCarlan, J. M.
=245  10$aNavios en Secuestro, La Escuadra Espanola Del Oceano en Brest (1799-1802) /$cJ. M. Carlan
=264  \1$a[Place of publication not identified] :$bInstituto Historico de Marina,$c1951
=300  \\$avolume
=336  \\$atext$btxt$2rdacontent
=337  \\$aunmediated$bn$2rdamedia
=338  \\$avolume$bnc$2rdacarrier
=500  \\$aTitle on spreadsheet: "Navios en Secuestro: La Escuadra Espanola Del Oceano en Brest (1799-1802)."
=500  \\$aCustom binding.
=932  2\$aHorward Collection$9LOCAL
=936  1\$aHorward, Donald D.,$edonor$9LOCAL
=949  \\$aFTaSU$bFSUSP$cREVIEW$9LOCAL

