=LDR  00815nam a2200217Mi 4500
=008  \\\\\\s2011\\\\xx\\\\\\\\\\\\000\0\\\\\d
=040  \\$aFDA$beng$cFDA
=035  \\$a(FSUSCA)Horward_Row_4_Section_7_2494
=049  \\$lHorward_Row_4_Section_7_2494
=100  1\$aMusteen, Jason R.
=245  10$aNelson's Refuge, Gibraltar in the Age of Napoleon /$cJason R. Musteen
=264  \1$a[Place of publication not identified] :$bNaval Institute Press,$c2011
=300  \\$avolume
=336  \\$atext$btxt$2rdacontent
=337  \\$aunmediated$bn$2rdamedia
=338  \\$avolume$bnc$2rdacarrier
=500  \\$aTitle on spreadsheet: "Nelson's Refuge: Gibraltar in the Age of Napoleon."
=500  \\$aSigned and letter.
=932  2\$aHorward Collection$9LOCAL
=936  1\$aHorward, Donald D.,$edonor$9LOCAL
=949  \\$aFTaSU$bFSUSP$cREVIEW$9LOCAL

