=LDR  00751nam a2200217Mi 4500
=008  \\\\\\s1969\\\\xx\\\\\\\\\\\\000\0\\\\\d
=040  \\$aFDA$beng$cFDA
=035  \\$a(FSUSCA)Horward_Row_2_Section_9_1484
=049  \\$lHorward_Row_2_Section_9_1484
=100  1\$aRussell, Jack
=245  10$aNelson and the Hamiltons /$cJack Russell
=250  \\$aSecond Printing
=264  \1$a[Place of publication not identified] :$bSimon and Schuster,$c1969
=300  \\$avolume
=336  \\$atext$btxt$2rdacontent
=337  \\$aunmediated$bn$2rdamedia
=338  \\$avolume$bnc$2rdacarrier
=500  \\$aTitle on spreadsheet: "Nelson and the Hamiltons."
=932  2\$aHorward Collection$9LOCAL
=936  1\$aHorward, Donald D.,$edonor$9LOCAL
=949  \\$aFTaSU$bFSUSP$cREVIEW$9LOCAL

