=LDR  00722nam a2200205Mi 4500
=008  \\\\\\s1898\\\\xx\\\\\\\\\\\\000\0\\\\\d
=040  \\$aFDA$beng$cFDA
=035  \\$a(FSUSCA)Horward_Row_2_Section_6_898
=049  \\$lHorward_Row_2_Section_6_898
=100  1\$aLoyd, Lady Mary
=245  10$aNew Letters of Napoleon I /$cLady Mary Loyd
=264  \1$a[Place of publication not identified] :$bWilliam Heinemann,$c1898
=300  \\$avolume
=336  \\$atext$btxt$2rdacontent
=337  \\$aunmediated$bn$2rdamedia
=338  \\$avolume$bnc$2rdacarrier
=500  \\$aTitle on spreadsheet: "New Letters of Napoleon I."
=932  2\$aHorward Collection$9LOCAL
=936  1\$aHorward, Donald D.,$edonor$9LOCAL
=949  \\$aFTaSU$bFSUSP$cREVIEW$9LOCAL

