=LDR  00798nam a2200217Mi 4500
=008  \\\\\\s1936\\\\xx\\\\\\\\\\\\000\0\\\\\d
=040  \\$aFDA$beng$cFDA
=035  \\$a(FSUSCA)Horward_Row_2_Section_1_29
=049  \\$lHorward_Row_2_Section_1_29
=100  1\$aCaulaincourt, Armand-Augustin-Louis
=245  10$aNo Peace with Napoleon! /$cCaulaincourt, Armand-Augustin-Louis
=264  \1$a[Place of publication not identified] :$bWilliam Morrow and Company,$c1936
=300  \\$avolume
=336  \\$atext$btxt$2rdacontent
=337  \\$aunmediated$bn$2rdamedia
=338  \\$avolume$bnc$2rdacarrier
=500  \\$aTitle on spreadsheet: "No Peace with Napoleon!."
=500  \\$aLoose ephemera.
=932  2\$aHorward Collection$9LOCAL
=936  1\$aHorward, Donald D.,$edonor$9LOCAL
=949  \\$aFTaSU$bFSUSP$cREVIEW$9LOCAL

