=LDR  00790nam a2200205Mi 4500
=008  \\\\\\s1973\\\\xx\\\\\\\\\\\\000\0\\\\\d
=040  \\$aFDA$beng$cFDA
=035  \\$a(FSUSCA)Horward_Row_2_Section_10_1670
=049  \\$lHorward_Row_2_Section_10_1670
=100  1\$aHenry, Philip
=245  10$aNotes of Conversations with the Duke of Wellington, 1831-1851 /$cPhilip Henry
=264  \1$a[Place of publication not identified] :$bDa Capo Press,$c1973
=300  \\$avolume
=336  \\$atext$btxt$2rdacontent
=337  \\$aunmediated$bn$2rdamedia
=338  \\$avolume$bnc$2rdacarrier
=500  \\$aTitle on spreadsheet: "Notes of Conversations with the Duke of Wellington, 1831-1851."
=932  2\$aHorward Collection$9LOCAL
=936  1\$aHorward, Donald D.,$edonor$9LOCAL
=949  \\$aFTaSU$bFSUSP$cREVIEW$9LOCAL

