=LDR  00783nam a2200217Mi 4500
=008  \\\\\\s1910\\\\xx\\\\\\\\\\\\000\0\\\\\d
=040  \\$aFDA$beng$cFDA
=035  \\$a(FSUSCA)Horward_Row_4_Section_6_2302
=049  \\$lHorward_Row_4_Section_6_2302
=100  1\$aVictoriosa, Lysia
=245  10$aO Genio de Wellington A Batalha do Bussaco /$cLysia Victoriosa
=264  \1$a[Place of publication not identified] :$bLisboa,$c1910
=300  \\$avolume
=336  \\$atext$btxt$2rdacontent
=337  \\$aunmediated$bn$2rdamedia
=338  \\$avolume$bnc$2rdacarrier
=500  \\$aTitle on spreadsheet: "O Genio de Wellington A Batalha do Bussaco."
=500  \\$aCustom binding.
=932  2\$aHorward Collection$9LOCAL
=936  1\$aHorward, Donald D.,$edonor$9LOCAL
=949  \\$aFTaSU$bFSUSP$cREVIEW$9LOCAL

