=LDR  00851nam a2200205Mi 4500
=008  \\\\\\s1991\\\\xx\\\\\\\\\\\\000\0\\\\\d
=040  \\$aFDA$beng$cFDA
=035  \\$a(FSUSCA)Horward_Row_4_Section_5_2141
=049  \\$lHorward_Row_4_Section_5_2141
=100  1\$aHerzog, Richard Thorburn
=245  10$aOnce More Onto the Breach Military and Naval Operations Around San Sebastian /$cRichard Thorburn Herzog
=264  \1$a[Place of publication not identified] :$bFlorida State University,$c1991
=300  \\$avolume
=336  \\$atext$btxt$2rdacontent
=337  \\$aunmediated$bn$2rdamedia
=338  \\$avolume$bnc$2rdacarrier
=500  \\$aTitle on spreadsheet: "Once More Onto the Breach Military and Naval Operations Around San Sebastian."
=932  2\$aHorward Collection$9LOCAL
=936  1\$aHorward, Donald D.,$edonor$9LOCAL
=949  \\$aFTaSU$bFSUSP$cREVIEW$9LOCAL

