=LDR  00764nam a2200205Mi 4500
=008  \\\\\\s1992\\\\xx\\\\\\\\\\\\000\0\\\\\d
=040  \\$aFDA$beng$cFDA
=035  \\$a(FSUSCA)Horward_Row_2_Section_10_1710
=049  \\$lHorward_Row_2_Section_10_1710
=100  1\$aSchom, Alan
=245  10$aOne Hundred Days, Napoleon's Road to Waterloo /$cAlan Schom
=264  \1$a[Place of publication not identified] :$bOxford University Press,$c1992
=300  \\$avolume
=336  \\$atext$btxt$2rdacontent
=337  \\$aunmediated$bn$2rdamedia
=338  \\$avolume$bnc$2rdacarrier
=500  \\$aTitle on spreadsheet: "One Hundred Days: Napoleon's Road to Waterloo."
=932  2\$aHorward Collection$9LOCAL
=936  1\$aHorward, Donald D.,$edonor$9LOCAL
=949  \\$aFTaSU$bFSUSP$cREVIEW$9LOCAL

