=LDR  00762nam a2200205Mi 4500
=008  \\\\\\s1963\\\\xx\\\\\\\\\\\\000\0\\\\\d
=040  \\$aFDA$beng$cFDA
=035  \\$a(FSUSCA)Horward_Row_2_Section_8_1424
=049  \\$lHorward_Row_2_Section_8_1424
=100  1\$aMarques of Anglesey
=245  10$aOne-Leg, The Life and Letters of Henry William Paget
=264  \1$a[Place of publication not identified] :$bReprint Society,$c1963
=300  \\$avolume
=336  \\$atext$btxt$2rdacontent
=337  \\$aunmediated$bn$2rdamedia
=338  \\$avolume$bnc$2rdacarrier
=500  \\$aTitle on spreadsheet: "One-Leg: The Life and Letters of Henry William Paget."
=932  2\$aHorward Collection$9LOCAL
=936  1\$aHorward, Donald D.,$edonor$9LOCAL
=949  \\$aFTaSU$bFSUSP$cREVIEW$9LOCAL

