=LDR  00742nam a2200205Mi 4500
=008  \\\\\\s1993\\\\xx\\\\\\\\\\\\000\0\\\\\d
=040  \\$aFDA$beng$cFDA
=035  \\$a(FSUSCA)Horward_Row_2_Section_9_1496
=049  \\$lHorward_Row_2_Section_9_1496
=100  1\$aHanak, Jaromir
=245  10$aOn the Battlefield of Austerlitz /$cJaromir Hanak
=264  \1$a[Place of publication not identified] :$bVerlag Publishing House,$c1993
=300  \\$avolume
=336  \\$atext$btxt$2rdacontent
=337  \\$aunmediated$bn$2rdamedia
=338  \\$avolume$bnc$2rdacarrier
=500  \\$aTitle on spreadsheet: "On the Battlefield of Austerlitz."
=932  2\$aHorward Collection$9LOCAL
=936  1\$aHorward, Donald D.,$edonor$9LOCAL
=949  \\$aFTaSU$bFSUSP$cREVIEW$9LOCAL

