=LDR  00765nam a2200217Mi 4500
=008  \\\\\\s2000\\\\xx\\\\\\\\\\\\000\0\\\\\d
=040  \\$aFDA$beng$cFDA
=035  \\$a(FSUSCA)Horward_Row_2_Section_11_1983
=049  \\$lHorward_Row_2_Section_11_1983
=100  1\$aVicente, Antonio Pedro
=245  10$aO Tempo de Napoleao em Portugal /$cAntonio Pedro Vicente
=264  \1$a[Place of publication not identified] :$bLisboa,$c2000
=300  \\$avolume
=336  \\$atext$btxt$2rdacontent
=337  \\$aunmediated$bn$2rdamedia
=338  \\$avolume$bnc$2rdacarrier
=500  \\$aTitle on spreadsheet: "O Tempo de Napoleao em Portugal."
=500  \\$aSigned.
=932  2\$aHorward Collection$9LOCAL
=936  1\$aHorward, Donald D.,$edonor$9LOCAL
=949  \\$aFTaSU$bFSUSP$cREVIEW$9LOCAL

