=LDR  00768nam a2200205Mi 4500
=008  \\\\\\s1971\\\\xx\\\\\\\\\\\\000\0\\\\\d
=040  \\$aFDA$beng$cFDA
=035  \\$a(FSUSCA)Horward_Row_4_Section_8_2624
=049  \\$lHorward_Row_4_Section_8_2624
=100  1\$aBooth, Philip
=245  14$aThe Oxfordshire and Buckinghamshire Light Infantry /$cPhilip Booth
=264  \1$a[Place of publication not identified] :$bLeo Cooper Ltd.,$c1971
=300  \\$avolume
=336  \\$atext$btxt$2rdacontent
=337  \\$aunmediated$bn$2rdamedia
=338  \\$avolume$bnc$2rdacarrier
=500  \\$aTitle on spreadsheet: "The Oxfordshire and Buckinghamshire Light Infantry."
=932  2\$aHorward Collection$9LOCAL
=936  1\$aHorward, Donald D.,$edonor$9LOCAL
=949  \\$aFTaSU$bFSUSP$cREVIEW$9LOCAL

