=LDR  00846nam a2200205Mi 4500
=008  \\\\\\s1985\\\\xx\\\\\\\\\\\\000\0\\\\\d
=040  \\$aFDA$beng$cFDA
=035  \\$a(FSUSCA)Horward_Row_2_Section_11_1852
=049  \\$lHorward_Row_2_Section_11_1852
=100  1\$aO'Dwyer, Margaret M.
=245  14$aThe Papacy in the Age of Napoleon and the Restoration (Pius VII, 1800-1823) /$cMargaret M. O'Dwyer
=264  \1$a[Place of publication not identified] :$bUniversity Press of America,$c1985
=300  \\$avolume
=336  \\$atext$btxt$2rdacontent
=337  \\$aunmediated$bn$2rdamedia
=338  \\$avolume$bnc$2rdacarrier
=500  \\$aTitle on spreadsheet: "The Papacy in the Age of Napoleon and the Restoration (Pius VII, 1800-1823)."
=932  2\$aHorward Collection$9LOCAL
=936  1\$aHorward, Donald D.,$edonor$9LOCAL
=949  \\$aFTaSU$bFSUSP$cREVIEW$9LOCAL

