=LDR  00820nam a2200217Mi 4500
=008  \\\\\\s1989\\\\xx\\\\\\\\\\\\000\0\\\\\d
=040  \\$aFDA$beng$cFDA
=035  \\$a(FSUSCA)Horward_Row_2_Section_9_1474
=049  \\$lHorward_Row_2_Section_9_1474
=110  2\$aThe Royal Commission on Historical Manuscripts
=245  10$aPapers of British Politicians 1782-1900 /$cThe Royal Commission on Historical Manuscripts
=250  \\$a7
=264  \1$a[Place of publication not identified] :$bHMSO,$c1989
=300  \\$avolume
=336  \\$atext$btxt$2rdacontent
=337  \\$aunmediated$bn$2rdamedia
=338  \\$avolume$bnc$2rdacarrier
=500  \\$aTitle on spreadsheet: "Papers of British Politicians 1782-1900."
=932  2\$aHorward Collection$9LOCAL
=936  1\$aHorward, Donald D.,$edonor$9LOCAL
=949  \\$aFTaSU$bFSUSP$cREVIEW$9LOCAL

