=LDR  00720nam a2200217Mi 4500
=008  \\\\\\s1888\\\\xx\\\\\\\\\\\\000\0\\\\\d
=040  \\$aFDA$beng$cFDA
=035  \\$a(FSUSCA)Horward_Row_2_Section_2_252
=049  \\$lHorward_Row_2_Section_2_252
=100  1\$aBire, Edmond
=245  10$aParis en 1793 /$cEdmond Bire
=264  \1$a[Place of publication not identified] :$bGervais Jules,$c1888
=300  \\$avolume
=336  \\$atext$btxt$2rdacontent
=337  \\$aunmediated$bn$2rdamedia
=338  \\$avolume$bnc$2rdacarrier
=500  \\$aTitle on spreadsheet: "Paris en 1793."
=500  \\$aCustom binding.
=932  2\$aHorward Collection$9LOCAL
=936  1\$aHorward, Donald D.,$edonor$9LOCAL
=949  \\$aFTaSU$bFSUSP$cREVIEW$9LOCAL

