=LDR  00787nam a2200217Mi 4500
=008  \\\\\\s1921\\\\xx\\\\\\\\\\\\000\0\\\\\d
=040  \\$aFDA$beng$cFDA
=035  \\$a(FSUSCA)Horward_Row_2_Section_3_466
=049  \\$lHorward_Row_2_Section_3_466
=100  1\$aRedhead Yorke, Henri
=245  10$aParis et la France Sous Le Consulat /$cHenri Redhead Yorke
=264  \1$a[Place of publication not identified] :$bLibrairie Academique,$c1921
=300  \\$avolume
=336  \\$atext$btxt$2rdacontent
=337  \\$aunmediated$bn$2rdamedia
=338  \\$avolume$bnc$2rdacarrier
=500  \\$aTitle on spreadsheet: "Paris et la France Sous Le Consulat."
=500  \\$aCustom binding.
=932  2\$aHorward Collection$9LOCAL
=936  1\$aHorward, Donald D.,$edonor$9LOCAL
=949  \\$aFTaSU$bFSUSP$cREVIEW$9LOCAL

