=LDR  00840nam a2200217Mi 4500
=008  \\\\\\s2000\\\\xx\\\\\\\\\\\\000\0\\\\\d
=040  \\$aFDA$beng$cFDA
=035  \\$a(FSUSCA)Horward_Row_4_Section_7_2490
=049  \\$lHorward_Row_4_Section_7_2490
=100  1\$aDawson, Matthew Q.
=245  10$aPartisanship and the Birth of America's Second Party, 1796-1800 /$cMatthew Q. Dawson
=264  \1$a[Place of publication not identified] :$bGreenwood Press,$c2000
=300  \\$avolume
=336  \\$atext$btxt$2rdacontent
=337  \\$aunmediated$bn$2rdamedia
=338  \\$avolume$bnc$2rdacarrier
=500  \\$aTitle on spreadsheet: "Partisanship and the Birth of America's Second Party, 1796-1800."
=500  \\$aSigned and reviews.
=932  2\$aHorward Collection$9LOCAL
=936  1\$aHorward, Donald D.,$edonor$9LOCAL
=949  \\$aFTaSU$bFSUSP$cREVIEW$9LOCAL

