=LDR  00811nam a2200205Mi 4500
=008  \\\\\\s1964\\\\xx\\\\\\\\\\\\000\0\\\\\d
=040  \\$aFDA$beng$cFDA
=035  \\$a(FSUSCA)Horward_Row_2_Section_2_170
=049  \\$lHorward_Row_2_Section_2_170
=100  1\$aWeiner, Margery
=245  14$aThe Parvenu Princesses, The Lives and Loves of Napoleon's Sisters /$cMargery Weiner
=264  \1$a[Place of publication not identified] :$bWilliam Morrow and Company,$c1964
=300  \\$avolume
=336  \\$atext$btxt$2rdacontent
=337  \\$aunmediated$bn$2rdamedia
=338  \\$avolume$bnc$2rdacarrier
=500  \\$aTitle on spreadsheet: "The Parvenu Princesses: The Lives and Loves of Napoleon's Sisters."
=932  2\$aHorward Collection$9LOCAL
=936  1\$aHorward, Donald D.,$edonor$9LOCAL
=949  \\$aFTaSU$bFSUSP$cREVIEW$9LOCAL

