=LDR  00845nam a2200205Mi 4500
=008  \\\\\\s1958\\\\xx\\\\\\\\\\\\000\0\\\\\d
=040  \\$aFDA$beng$cFDA
=035  \\$a(FSUSCA)Horward_Row_2_Section_6_1066
=049  \\$lHorward_Row_2_Section_6_1066
=100  1\$aLevilliant, Maurice
=245  14$aThe Passionate Exiles, A Dual Biography of Madame Recamier and Madame de Stael /$cMaurice Levilliant
=264  \1$a[Place of publication not identified] :$bFarrar Straus and Cudahy,$c1958
=300  \\$avolume
=336  \\$atext$btxt$2rdacontent
=337  \\$aunmediated$bn$2rdamedia
=338  \\$avolume$bnc$2rdacarrier
=500  \\$aTitle on spreadsheet: "The Passionate Exiles: A Dual Biography of Madame Recamier and Madame de Stael."
=932  2\$aHorward Collection$9LOCAL
=936  1\$aHorward, Donald D.,$edonor$9LOCAL
=949  \\$aFTaSU$bFSUSP$cREVIEW$9LOCAL

