=LDR  00794nam a2200229Mi 4500
=008  \\\\\\s1945\\\\xx\\\\\\\\\\\\000\0\\\\\d
=040  \\$aFDA$beng$cFDA
=035  \\$a(FSUSCA)Horward_Row_2_Section_4_611
=049  \\$lHorward_Row_2_Section_4_611
=100  1\$aThomson, David
=245  10$aPatterns of Peacemaking /$cDavid Thomson, E. Meer, A. Briggs
=264  \1$a[Place of publication not identified] :$bOxford University Press,$c1945
=300  \\$avolume
=336  \\$atext$btxt$2rdacontent
=337  \\$aunmediated$bn$2rdamedia
=338  \\$avolume$bnc$2rdacarrier
=500  \\$aTitle on spreadsheet: "Patterns of Peacemaking."
=700  1\$aMeer, E.
=700  1\$aBriggs, A.
=932  2\$aHorward Collection$9LOCAL
=936  1\$aHorward, Donald D.,$edonor$9LOCAL
=949  \\$aFTaSU$bFSUSP$cREVIEW$9LOCAL

