=LDR  00732nam a2200205Mi 4500
=008  \\\\\\s1930\\\\xx\\\\\\\\\\\\000\0\\\\\d
=040  \\$aFDA$beng$cFDA
=035  \\$a(FSUSCA)Horward_Row_4_Section_8_2656
=049  \\$lHorward_Row_4_Section_8_2656
=100  1\$aCarlton, W.N.C
=245  10$aPauline Favorits Sister of Napoleon /$cW.N.C Carlton
=264  \1$a[Place of publication not identified] :$bHarpers,$c1930
=300  \\$avolume
=336  \\$atext$btxt$2rdacontent
=337  \\$aunmediated$bn$2rdamedia
=338  \\$avolume$bnc$2rdacarrier
=500  \\$aTitle on spreadsheet: "Pauline Favorits Sister of Napoleon."
=932  2\$aHorward Collection$9LOCAL
=936  1\$aHorward, Donald D.,$edonor$9LOCAL
=949  \\$aFTaSU$bFSUSP$cREVIEW$9LOCAL

