=LDR  00729nam a2200205Mi 4500
=008  \\\\\\s1930\\\\xx\\\\\\\\\\\\000\0\\\\\d
=040  \\$aFDA$beng$cFDA
=035  \\$a(FSUSCA)Horward_Row_4_Section_8_2561
=049  \\$lHorward_Row_4_Section_8_2561
=100  1\$aRousseau, L.J.
=245  14$aThe Peninsular Journal of D'Urban /$cL.J. Rousseau
=264  \1$a[Place of publication not identified] :$bLongmans,$c1930
=300  \\$avolume
=336  \\$atext$btxt$2rdacontent
=337  \\$aunmediated$bn$2rdamedia
=338  \\$avolume$bnc$2rdacarrier
=500  \\$aTitle on spreadsheet: "The Peninsular Journal of D'Urban."
=932  2\$aHorward Collection$9LOCAL
=936  1\$aHorward, Donald D.,$edonor$9LOCAL
=949  \\$aFTaSU$bFSUSP$cREVIEW$9LOCAL

