=LDR  00852nam a2200217Mi 4500
=008  \\\\\\s1963\\\\xx\\\\\\\\\\\\000\0\\\\\d
=040  \\$aFDA$beng$cFDA
=035  \\$a(FSUSCA)Horward_Row_2_Section_10_1669
=049  \\$lHorward_Row_2_Section_10_1669
=100  1\$aGlover, Richard
=245  10$aPeninsular Preparation, the Reform of the British Army, 1795-1809 /$cRichard Glover
=264  \1$a[Place of publication not identified] :$bCambridge University Press,$c1963
=300  \\$avolume
=336  \\$atext$btxt$2rdacontent
=337  \\$aunmediated$bn$2rdamedia
=338  \\$avolume$bnc$2rdacarrier
=500  \\$aTitle on spreadsheet: "Peninsular Preparation: the Reform of the British Army, 1795-1809."
=500  \\$aSigned inside cover.
=932  2\$aHorward Collection$9LOCAL
=936  1\$aHorward, Donald D.,$edonor$9LOCAL
=949  \\$aFTaSU$bFSUSP$cREVIEW$9LOCAL

