=LDR  00715nam a2200205Mi 4500
=008  \\\\\\s2003\\\\xx\\\\\\\\\\\\000\0\\\\\d
=040  \\$aFDA$beng$cFDA
=035  \\$a(FSUSCA)Horward_Row_2_Section_12_2022
=049  \\$lHorward_Row_2_Section_12_2022
=100  1\$aEsdaile, Charles
=245  14$aThe Peninsular War /$cCharles Esdaile
=264  \1$a[Place of publication not identified] :$bPalgrave Macmillan,$c2003
=300  \\$avolume
=336  \\$atext$btxt$2rdacontent
=337  \\$aunmediated$bn$2rdamedia
=338  \\$avolume$bnc$2rdacarrier
=500  \\$aTitle on spreadsheet: "The Peninsular War."
=932  2\$aHorward Collection$9LOCAL
=936  1\$aHorward, Donald D.,$edonor$9LOCAL
=949  \\$aFTaSU$bFSUSP$cREVIEW$9LOCAL

