=LDR  00778nam a2200205Mi 4500
=008  \\\\\\s1950\\\\xx\\\\\\\\\\\\000\0\\\\\d
=040  \\$aFDA$beng$cFDA
=035  \\$a(FSUSCA)Horward_Row_4_Section_7_2419
=049  \\$lHorward_Row_4_Section_7_2419
=100  1\$aBowers, Claude G.
=245  10$aPierre Vergniaud, Voice of the French Revolution /$cClaude G. Bowers
=264  \1$a[Place of publication not identified] :$bThe Macmillan Company,$c1950
=300  \\$avolume
=336  \\$atext$btxt$2rdacontent
=337  \\$aunmediated$bn$2rdamedia
=338  \\$avolume$bnc$2rdacarrier
=500  \\$aTitle on spreadsheet: "Pierre Vergniaud: Voice of the French Revolution."
=932  2\$aHorward Collection$9LOCAL
=936  1\$aHorward, Donald D.,$edonor$9LOCAL
=949  \\$aFTaSU$bFSUSP$cREVIEW$9LOCAL

