=LDR  00842nam a2200229Mi 4500
=008  \\\\\\suuuu\\\\xx\\\\\\\\\\\\000\0\\\\\d
=040  \\$aFDA$beng$cFDA
=035  \\$a(FSUSCA)Horward_Row_2_Section_10_1665
=049  \\$lHorward_Row_2_Section_10_1665
=100  1\$aWeider, Ben
=245  14$aThe Poisoning of Napoleon /$cBen Weider and Pascal Kintz
=264  \1$a[Place of publication not identified] :$bInternational Napoleonic Society,$c[date of publication not identified]
=300  \\$avolume
=336  \\$atext$btxt$2rdacontent
=337  \\$aunmediated$bn$2rdamedia
=338  \\$avolume$bnc$2rdacarrier
=500  \\$aTitle on spreadsheet: "The Poisoning of Napoleon."
=500  \\$aSpiral bound.
=700  1\$aKintz, Pascal
=932  2\$aHorward Collection$9LOCAL
=936  1\$aHorward, Donald D.,$edonor$9LOCAL
=949  \\$aFTaSU$bFSUSP$cREVIEW$9LOCAL

