=LDR  00871nam a2200205Mi 4500
=008  \\\\\\s1973\\\\xx\\\\\\\\\\\\000\0\\\\\d
=040  \\$aFDA$beng$cFDA
=035  \\$a(FSUSCA)Horward_Row_2_Section_12_2026
=049  \\$lHorward_Row_2_Section_12_2026
=100  1\$aWinslow, Copley Goodwin Jr.
=245  14$aThe Political and Military Career of Don Pedro caro y sureda, marques de la Romana /$cWinslow Copley Goodwin Jr.
=264  \1$a[Place of publication not identified] :$bFlorida State University,$c1973
=300  \\$avolume
=336  \\$atext$btxt$2rdacontent
=337  \\$aunmediated$bn$2rdamedia
=338  \\$avolume$bnc$2rdacarrier
=500  \\$aTitle on spreadsheet: "The Political and Military Career of Don Pedro caro y sureda, marques de la Romana."
=932  2\$aHorward Collection$9LOCAL
=936  1\$aHorward, Donald D.,$edonor$9LOCAL
=949  \\$aFTaSU$bFSUSP$cREVIEW$9LOCAL

