=LDR  00827nam a2200217Mi 4500
=008  \\\\\\s1990\\\\xx\\\\\\\\\\\\000\0\\\\\d
=040  \\$aFDA$beng$cFDA
=035  \\$a(FSUSCA)Horward_Row_2_Section_10_1664
=049  \\$lHorward_Row_2_Section_10_1664
=100  1\$aMaxwell, Kenneth
=245  10$aPortugal, Ancient Country, Yound Democracy /$cKenneth Maxwell and Michael H. Haltzel
=264  \1$a[Place of publication not identified] :$bThe Wilson Center Press,$c1990
=300  \\$avolume
=336  \\$atext$btxt$2rdacontent
=337  \\$aunmediated$bn$2rdamedia
=338  \\$avolume$bnc$2rdacarrier
=500  \\$aTitle on spreadsheet: "Portugal: Ancient Country, Yound Democracy."
=700  1\$aHaltzel, Michael H.
=932  2\$aHorward Collection$9LOCAL
=936  1\$aHorward, Donald D.,$edonor$9LOCAL
=949  \\$aFTaSU$bFSUSP$cREVIEW$9LOCAL

