=LDR  00864nam a2200217Mi 4500
=008  \\\\\\s1992\\\\xx\\\\\\\\\\\\000\0\\\\\d
=040  \\$aFDA$beng$cFDA
=035  \\$a(FSUSCA)Horward_Row_2_Section_8_1416
=049  \\$lHorward_Row_2_Section_8_1416
=100  1\$aDelaforce, Angela
=245  10$aPortugal's Silver Service A Victory Gift to the Duke of Wellington /$cAngela Delaforce and James Yorke
=264  \1$a[Place of publication not identified] :$bVictoria and Albert Museum,$c1992
=300  \\$avolume
=336  \\$atext$btxt$2rdacontent
=337  \\$aunmediated$bn$2rdamedia
=338  \\$avolume$bnc$2rdacarrier
=500  \\$aTitle on spreadsheet: "Portugal's Silver Service A Victory Gift to the Duke of Wellington."
=700  1\$aYorke, James
=932  2\$aHorward Collection$9LOCAL
=936  1\$aHorward, Donald D.,$edonor$9LOCAL
=949  \\$aFTaSU$bFSUSP$cREVIEW$9LOCAL

