=LDR  00798nam a2200217Mi 4500
=008  \\\\\\s1913\\\\xx\\\\\\\\\\\\000\0\\\\\d
=040  \\$aFDA$beng$cFDA
=035  \\$a(FSUSCA)Horward_Row_2_Section_6_1008
=049  \\$lHorward_Row_2_Section_6_1008
=100  1\$aPicard, Ernest
=245  10$aPreceptes et Jugements de Napoleon /$cErnest Picard
=264  \1$a[Place of publication not identified] :$bBerger-Leverault et cie, Libraires-Editeurs,$c1913
=300  \\$avolume
=336  \\$atext$btxt$2rdacontent
=337  \\$aunmediated$bn$2rdamedia
=338  \\$avolume$bnc$2rdacarrier
=500  \\$aTitle on spreadsheet: "Preceptes et Jugements de Napoleon."
=500  \\$aCustom binding.
=932  2\$aHorward Collection$9LOCAL
=936  1\$aHorward, Donald D.,$edonor$9LOCAL
=949  \\$aFTaSU$bFSUSP$cREVIEW$9LOCAL

