=LDR  00916nam a2200217Mi 4500
=008  \\\\\\s1975\\\\xx\\\\\\\\\\\\000\0\\\\\d
=040  \\$aFDA$beng$cFDA
=035  \\$a(FSUSCA)Horward_Row_2_Section_10_1659
=049  \\$lHorward_Row_2_Section_10_1659
=100  1\$aBrooke, John
=245  14$aThe Prime Minister's Papers, Wellington - Political Correspondence I, 1833-November 1834 /$cJohn Brooke and Julia Gandy
=264  \1$a[Place of publication not identified] :$bRoyal Commission on Historical Manuscripts,$c1975
=300  \\$avolume
=336  \\$atext$btxt$2rdacontent
=337  \\$aunmediated$bn$2rdamedia
=338  \\$avolume$bnc$2rdacarrier
=500  \\$aTitle on spreadsheet: "The Prime Minister's Papers: Wellington - Political Correspondence I: 1833-November 1834."
=700  1\$aGandy, Julia
=932  2\$aHorward Collection$9LOCAL
=936  1\$aHorward, Donald D.,$edonor$9LOCAL
=949  \\$aFTaSU$bFSUSP$cREVIEW$9LOCAL

