=LDR  00909nam a2200205Mi 4500
=008  \\\\\\s1984\\\\xx\\\\\\\\\\\\000\0\\\\\d
=040  \\$aFDA$beng$cFDA
=035  \\$a(FSUSCA)Horward_Row_2_Section_11_1894
=049  \\$lHorward_Row_2_Section_11_1894
=100  1\$aEpstein, Robert M.
=245  10$aPrince Eugene at War, 1809 A Study of the Role of Prince Eugene de Beauharnais in the Franco-Austrian War of 1809 /$cRobert M. Epstein
=264  \1$a[Place of publication not identified] :$bEmpire Games Press,$c1984
=300  \\$avolume
=336  \\$atext$btxt$2rdacontent
=337  \\$aunmediated$bn$2rdamedia
=338  \\$avolume$bnc$2rdacarrier
=500  \\$aTitle on spreadsheet: "Prince Eugene at War: 1809 A Study of the Role of Prince Eugene de Beauharnais in the Franco-Austrian War of 1809."
=932  2\$aHorward Collection$9LOCAL
=936  1\$aHorward, Donald D.,$edonor$9LOCAL
=949  \\$aFTaSU$bFSUSP$cREVIEW$9LOCAL

