=LDR  00785nam a2200205Mi 4500
=008  \\\\\\s1993\\\\xx\\\\\\\\\\\\000\0\\\\\d
=040  \\$aFDA$beng$cFDA
=035  \\$a(FSUSCA)Horward_Row_2_Section_12_2050
=049  \\$lHorward_Row_2_Section_12_2050
=100  1\$aLlewellyn, D. Cook Jr.
=245  10$aPrince Karl Philipp Zu Schwarzenberg in 1813 /$cLlewellyn D. Cook Jr.
=264  \1$a[Place of publication not identified] :$bFlorida State University,$c1993
=300  \\$avolume
=336  \\$atext$btxt$2rdacontent
=337  \\$aunmediated$bn$2rdamedia
=338  \\$avolume$bnc$2rdacarrier
=500  \\$aTitle on spreadsheet: "Prince Karl Philipp Zu Schwarzenberg in 1813."
=932  2\$aHorward Collection$9LOCAL
=936  1\$aHorward, Donald D.,$edonor$9LOCAL
=949  \\$aFTaSU$bFSUSP$cREVIEW$9LOCAL

