=LDR  00847nam a2200205Mi 4500
=008  \\\\\\s1999\\\\xx\\\\\\\\\\\\000\0\\\\\d
=040  \\$aFDA$beng$cFDA
=035  \\$a(FSUSCA)Horward_Row_4_Section_5_2110
=049  \\$lHorward_Row_4_Section_5_2110
=100  1\$aLlewellyn, D. Cook Jr.
=245  10$aPrince Karl Philip Zu Schwarzenberg and Napoleon Franco-Australian Relations /$cLlewellyn D. Cook Jr.
=264  \1$a[Place of publication not identified] :$bFlorida State University,$c1999
=300  \\$avolume
=336  \\$atext$btxt$2rdacontent
=337  \\$aunmediated$bn$2rdamedia
=338  \\$avolume$bnc$2rdacarrier
=500  \\$aTitle on spreadsheet: "Prince Karl Philip Zu Schwarzenberg and Napoleon Franco-Australian Relations."
=932  2\$aHorward Collection$9LOCAL
=936  1\$aHorward, Donald D.,$edonor$9LOCAL
=949  \\$aFTaSU$bFSUSP$cREVIEW$9LOCAL

