=LDR  00807nam a2200205Mi 4500
=008  \\\\\\s2001\\\\xx\\\\\\\\\\\\000\0\\\\\d
=040  \\$aFDA$beng$cFDA
=035  \\$a(FSUSCA)Horward_Row_2_Section_11_1881
=049  \\$lHorward_Row_2_Section_11_1881
=100  1\$aSmith, Denis
=245  14$aThe Prisoners of Cabrera, Napoleon's Forgotten Soldiers 1809-1814 /$cDenis Smith
=264  \1$a[Place of publication not identified] :$bFour Walls Eight Windows,$c2001
=300  \\$avolume
=336  \\$atext$btxt$2rdacontent
=337  \\$aunmediated$bn$2rdamedia
=338  \\$avolume$bnc$2rdacarrier
=500  \\$aTitle on spreadsheet: "The Prisoners of Cabrera: Napoleon's Forgotten Soldiers 1809-1814."
=932  2\$aHorward Collection$9LOCAL
=936  1\$aHorward, Donald D.,$edonor$9LOCAL
=949  \\$aFTaSU$bFSUSP$cREVIEW$9LOCAL

