=LDR  00838nam a2200217Mi 4500
=008  \\\\\\s1861\\\\xx\\\\\\\\\\\\000\0\\\\\d
=040  \\$aFDA$beng$cFDA
=035  \\$a(FSUSCA)Horward_Row_4_Section_6_2166
=049  \\$lHorward_Row_4_Section_6_2166
=100  1\$aRaikes, Harriet
=245  10$aPrivate Correspondence of Thomas Raikes with the Duke of Wellington /$cHarriet Raikes
=264  \1$a[Place of publication not identified] :$bRichard Bentley,$c1861
=300  \\$avolume
=336  \\$atext$btxt$2rdacontent
=337  \\$aunmediated$bn$2rdamedia
=338  \\$avolume$bnc$2rdacarrier
=500  \\$aTitle on spreadsheet: "Private Correspondence of Thomas Raikes with the Duke of Wellington."
=500  \\$aCustom binding.
=932  2\$aHorward Collection$9LOCAL
=936  1\$aHorward, Donald D.,$edonor$9LOCAL
=949  \\$aFTaSU$bFSUSP$cREVIEW$9LOCAL

