=LDR  00764nam a2200205Mi 4500
=008  \\\\\\s1922\\\\xx\\\\\\\\\\\\000\0\\\\\d
=040  \\$aFDA$beng$cFDA
=035  \\$a(FSUSCA)Horward_Row_2_Section_6_1027
=049  \\$lHorward_Row_2_Section_6_1027
=100  1\$aMasson, Frederic
=245  14$aThe Private Diaries of the Empress Marie-Louise /$cFrederic Masson
=264  \1$a[Place of publication not identified] :$bJohn Murray,$c1922
=300  \\$avolume
=336  \\$atext$btxt$2rdacontent
=337  \\$aunmediated$bn$2rdamedia
=338  \\$avolume$bnc$2rdacarrier
=500  \\$aTitle on spreadsheet: "The Private Diaries of the Empress Marie-Louise."
=932  2\$aHorward Collection$9LOCAL
=936  1\$aHorward, Donald D.,$edonor$9LOCAL
=949  \\$aFTaSU$bFSUSP$cREVIEW$9LOCAL

