=LDR  00763nam a2200205Mi 4500
=008  \\\\\\s1899\\\\xx\\\\\\\\\\\\000\0\\\\\d
=040  \\$aFDA$beng$cFDA
=035  \\$a(FSUSCA)Horward_Row_2_Section_1_152
=049  \\$lHorward_Row_2_Section_1_152
=100  1\$aRobinson, James Harvey
=245  10$aProtest of the Cour des Aides of Paris /$cRobinson, James Harvey
=264  \1$a[Place of publication not identified] :$bP.S. King and Son,$c1899
=300  \\$avolume
=336  \\$atext$btxt$2rdacontent
=337  \\$aunmediated$bn$2rdamedia
=338  \\$avolume$bnc$2rdacarrier
=500  \\$aTitle on spreadsheet: "Protest of the Cour des Aides of Paris."
=932  2\$aHorward Collection$9LOCAL
=936  1\$aHorward, Donald D.,$edonor$9LOCAL
=949  \\$aFTaSU$bFSUSP$cREVIEW$9LOCAL

