=LDR  00702nam a2200205Mi 4500
=008  \\\\\\s1972\\\\xx\\\\\\\\\\\\000\0\\\\\d
=040  \\$aFDA$beng$cFDA
=035  \\$a(FSUSCA)Horward_Row_4_Section_8_2590
=049  \\$lHorward_Row_4_Section_8_2590
=100  1\$aNash, David
=245  14$aThe Prussian Army /$cDavid Nash
=264  \1$a[Place of publication not identified] :$bAlmark Publications,$c1972
=300  \\$avolume
=336  \\$atext$btxt$2rdacontent
=337  \\$aunmediated$bn$2rdamedia
=338  \\$avolume$bnc$2rdacarrier
=500  \\$aTitle on spreadsheet: "The Prussian Army."
=932  2\$aHorward Collection$9LOCAL
=936  1\$aHorward, Donald D.,$edonor$9LOCAL
=949  \\$aFTaSU$bFSUSP$cREVIEW$9LOCAL

