=LDR  00772nam a2200205Mi 4500
=008  \\\\\\s1957\\\\xx\\\\\\\\\\\\000\0\\\\\d
=040  \\$aFDA$beng$cFDA
=035  \\$a(FSUSCA)Horward_Row_2_Section_6_1045
=049  \\$lHorward_Row_2_Section_6_1045
=100  1\$aCastelot, Andre
=245  10$aQueen of France, A Biography of Marie Antoinette /$cAndre Castelot
=264  \1$a[Place of publication not identified] :$bHarper and Brothers,$c1957
=300  \\$avolume
=336  \\$atext$btxt$2rdacontent
=337  \\$aunmediated$bn$2rdamedia
=338  \\$avolume$bnc$2rdacarrier
=500  \\$aTitle on spreadsheet: "Queen of France: A Biography of Marie Antoinette."
=932  2\$aHorward Collection$9LOCAL
=936  1\$aHorward, Donald D.,$edonor$9LOCAL
=949  \\$aFTaSU$bFSUSP$cREVIEW$9LOCAL

