=LDR  00786nam a2200205Mi 4500
=008  \\\\\\s1973\\\\xx\\\\\\\\\\\\000\0\\\\\d
=040  \\$aFDA$beng$cFDA
=035  \\$a(FSUSCA)Horward_Row_2_Section_2_173
=049  \\$lHorward_Row_2_Section_2_173
=100  1\$aRoss, Steven T.
=245  10$aQuest for Victory, French Military Strategy, 1792-1799 /$cSteven T. Ross
=264  \1$a[Place of publication not identified] :$bA.S. Barnes and Company,$c1973
=300  \\$avolume
=336  \\$atext$btxt$2rdacontent
=337  \\$aunmediated$bn$2rdamedia
=338  \\$avolume$bnc$2rdacarrier
=500  \\$aTitle on spreadsheet: "Quest for Victory: French Military Strategy, 1792-1799."
=932  2\$aHorward Collection$9LOCAL
=936  1\$aHorward, Donald D.,$edonor$9LOCAL
=949  \\$aFTaSU$bFSUSP$cREVIEW$9LOCAL

