=LDR  00814nam a2200217Mi 4500
=008  \\\\\\s1996\\\\xx\\\\\\\\\\\\000\0\\\\\d
=040  \\$aFDA$beng$cFDA
=035  \\$a(FSUSCA)Horward_Row_2_Section_8_1420
=049  \\$lHorward_Row_2_Section_8_1420
=100  1\$aCowley, Robert
=245  14$aThe Reader's Company To, Military History /$cRobert Cowley and Geoffrey Parker
=264  \1$a[Place of publication not identified] :$bHoughton Mifflin Company,$c1996
=300  \\$avolume
=336  \\$atext$btxt$2rdacontent
=337  \\$aunmediated$bn$2rdamedia
=338  \\$avolume$bnc$2rdacarrier
=500  \\$aTitle on spreadsheet: "The Reader's Company To: Military History."
=700  1\$aParker, Geoffrey
=932  2\$aHorward Collection$9LOCAL
=936  1\$aHorward, Donald D.,$edonor$9LOCAL
=949  \\$aFTaSU$bFSUSP$cREVIEW$9LOCAL

