=LDR  00750nam a2200205Mi 4500
=008  \\\\\\s1965\\\\xx\\\\\\\\\\\\000\0\\\\\d
=040  \\$aFDA$beng$cFDA
=035  \\$a(FSUSCA)Horward_Row_2_Section_4_641
=049  \\$lHorward_Row_2_Section_4_641
=100  1\$aFrohman, Charles E.
=245  10$aRebels on Lake Erie The Piracy /$cCharles E. Frohman
=264  \1$a[Place of publication not identified] :$bThe Ohio Historical Society,$c1965
=300  \\$avolume
=336  \\$atext$btxt$2rdacontent
=337  \\$aunmediated$bn$2rdamedia
=338  \\$avolume$bnc$2rdacarrier
=500  \\$aTitle on spreadsheet: "Rebels on Lake Erie The Piracy."
=932  2\$aHorward Collection$9LOCAL
=936  1\$aHorward, Donald D.,$edonor$9LOCAL
=949  \\$aFTaSU$bFSUSP$cREVIEW$9LOCAL

