=LDR  00737nam a2200205Mi 4500
=008  \\\\\\s1929\\\\xx\\\\\\\\\\\\000\0\\\\\d
=040  \\$aFDA$beng$cFDA
=035  \\$a(FSUSCA)Horward_Row_4_Section_6_2172
=049  \\$lHorward_Row_4_Section_6_2172
=100  1\$aCurling, Henry
=245  10$aRecollections of Rifleman Harris /$cHenry Curling
=264  \1$a[Place of publication not identified] :$bPeter Davies, Ltd.,$c1929
=300  \\$avolume
=336  \\$atext$btxt$2rdacontent
=337  \\$aunmediated$bn$2rdamedia
=338  \\$avolume$bnc$2rdacarrier
=500  \\$aTitle on spreadsheet: "Recollections of Rifleman Harris."
=932  2\$aHorward Collection$9LOCAL
=936  1\$aHorward, Donald D.,$edonor$9LOCAL
=949  \\$aFTaSU$bFSUSP$cREVIEW$9LOCAL

