=LDR  00832nam a2200205Mi 4500
=008  \\\\\\s1900\\\\xx\\\\\\\\\\\\000\0\\\\\d
=040  \\$aFDA$beng$cFDA
=035  \\$a(FSUSCA)Horward_Row_2_Section_8_1443
=049  \\$lHorward_Row_2_Section_8_1443
=100  1\$aChichester, Henry Manners
=245  14$aThe Records and Badges of Every Regiment and Corps in the British Army /$cHenry Manners Chichester
=264  \1$a[Place of publication not identified] :$bGale and Polden,$c1900
=300  \\$avolume
=336  \\$atext$btxt$2rdacontent
=337  \\$aunmediated$bn$2rdamedia
=338  \\$avolume$bnc$2rdacarrier
=500  \\$aTitle on spreadsheet: "The Records and Badges of Every Regiment and Corps in the British Army."
=932  2\$aHorward Collection$9LOCAL
=936  1\$aHorward, Donald D.,$edonor$9LOCAL
=949  \\$aFTaSU$bFSUSP$cREVIEW$9LOCAL

