=LDR  00791nam a2200217Mi 4500
=008  \\\\\\s1845\\\\xx\\\\\\\\\\\\000\0\\\\\d
=040  \\$aFDA$beng$cFDA
=035  \\$a(FSUSCA)Horward_Row_2_Section_5_782
=049  \\$lHorward_Row_2_Section_5_782
=100  1\$aCorreard, J.
=245  10$aRecreil sur les Reconnaissances Militaires /$cJ. Correard
=264  \1$a[Place of publication not identified] :$b[publisher not identified],$c1845
=300  \\$avolume
=336  \\$atext$btxt$2rdacontent
=337  \\$aunmediated$bn$2rdamedia
=338  \\$avolume$bnc$2rdacarrier
=500  \\$aTitle on spreadsheet: "Recreil sur les Reconnaissances Militaires."
=500  \\$aCustom binding.
=932  2\$aHorward Collection$9LOCAL
=936  1\$aHorward, Donald D.,$edonor$9LOCAL
=949  \\$aFTaSU$bFSUSP$cREVIEW$9LOCAL

