=LDR  00744nam a2200217Mi 4500
=008  \\\\\\s1998\\\\xx\\\\\\\\\\\\000\0\\\\\d
=040  \\$aFDA$beng$cFDA
=035  \\$a(FSUSCA)Horward_Row_4_Section_7_2340
=049  \\$lHorward_Row_4_Section_7_2340
=100  1\$aPawly, Ronald
=245  14$aThe Red Lancers /$cRonald Pawly
=264  \1$a[Place of publication not identified] :$bThe Crowood Press,$c1998
=300  \\$avolume
=336  \\$atext$btxt$2rdacontent
=337  \\$aunmediated$bn$2rdamedia
=338  \\$avolume$bnc$2rdacarrier
=500  \\$aTitle on spreadsheet: "The Red Lancers."
=500  \\$aInvoice and correspondence.
=932  2\$aHorward Collection$9LOCAL
=936  1\$aHorward, Donald D.,$edonor$9LOCAL
=949  \\$aFTaSU$bFSUSP$cREVIEW$9LOCAL

