=LDR  00734nam a2200205Mi 4500
=008  \\\\\\s1942\\\\xx\\\\\\\\\\\\000\0\\\\\d
=040  \\$aFDA$beng$cFDA
=035  \\$a(FSUSCA)Horward_Row_4_Section_7_2546
=049  \\$lHorward_Row_4_Section_7_2546
=100  1\$aMockler-Ferryman, A. F.
=245  10$aRegimental War Tales /$cA. F. Mockler-Ferryman
=264  \1$a[Place of publication not identified] :$bSlatter and Rose Ltd.,$c1942
=300  \\$avolume
=336  \\$atext$btxt$2rdacontent
=337  \\$aunmediated$bn$2rdamedia
=338  \\$avolume$bnc$2rdacarrier
=500  \\$aTitle on spreadsheet: "Regimental War Tales."
=932  2\$aHorward Collection$9LOCAL
=936  1\$aHorward, Donald D.,$edonor$9LOCAL
=949  \\$aFTaSU$bFSUSP$cREVIEW$9LOCAL

