=LDR  00733nam a2200205Mi 4500
=008  \\\\\\s1977\\\\xx\\\\\\\\\\\\000\0\\\\\d
=040  \\$aFDA$beng$cFDA
=035  \\$a(FSUSCA)Horward_Row_2_Section_8_1277
=049  \\$lHorward_Row_2_Section_8_1277
=100  1\$aLehman, Joseph
=245  10$aRemember You are an Englishman /$cJoseph Lehman
=264  \1$a[Place of publication not identified] :$bJonathan Cape Ltd.,$c1977
=300  \\$avolume
=336  \\$atext$btxt$2rdacontent
=337  \\$aunmediated$bn$2rdamedia
=338  \\$avolume$bnc$2rdacarrier
=500  \\$aTitle on spreadsheet: "Remember You are an Englishman."
=932  2\$aHorward Collection$9LOCAL
=936  1\$aHorward, Donald D.,$edonor$9LOCAL
=949  \\$aFTaSU$bFSUSP$cREVIEW$9LOCAL

