=LDR  00778nam a2200205Mi 4500
=008  \\\\\\s1828\\\\xx\\\\\\\\\\\\000\0\\\\\d
=040  \\$aFDA$beng$cFDA
=035  \\$a(FSUSCA)Horward_Row_2_Section_11_1825
=049  \\$lHorward_Row_2_Section_11_1825
=100  1\$aStevens, Chase
=245  10$aReminiscences of My Military Life /$cLieutenant Col. Chase Stevens
=264  \1$a[Place of publication not identified] :$bWarren and Son, Printers and Publishers,$c1828
=300  \\$avolume
=336  \\$atext$btxt$2rdacontent
=337  \\$aunmediated$bn$2rdamedia
=338  \\$avolume$bnc$2rdacarrier
=500  \\$aTitle on spreadsheet: "Reminiscences of My Military Life."
=932  2\$aHorward Collection$9LOCAL
=936  1\$aHorward, Donald D.,$edonor$9LOCAL
=949  \\$aFTaSU$bFSUSP$cREVIEW$9LOCAL

