=LDR  00833nam a2200217Mi 4500
=008  \\\\\\s1827\\\\xx\\\\\\\\\\\\000\0\\\\\d
=040  \\$aFDA$beng$cFDA
=035  \\$a(FSUSCA)Horward_Row_4_Section_6_2261
=049  \\$lHorward_Row_4_Section_6_2261
=100  1\$aCrisostomo do Couto e Melo, Joao
=245  10$aRepertorio das Ordens Do Dia do Exercito (1809-1826) /$cJoao Crisostomo do Couto e Melo
=264  \1$a[Place of publication not identified] :$bLisboa,$c1827
=300  \\$avolume
=336  \\$atext$btxt$2rdacontent
=337  \\$aunmediated$bn$2rdamedia
=338  \\$avolume$bnc$2rdacarrier
=500  \\$aTitle on spreadsheet: "Repertorio das Ordens Do Dia do Exercito (1809-1826)."
=500  \\$aCustom binding.
=932  2\$aHorward Collection$9LOCAL
=936  1\$aHorward, Donald D.,$edonor$9LOCAL
=949  \\$aFTaSU$bFSUSP$cREVIEW$9LOCAL

