=LDR  00729nam a2200205Mi 4500
=008  \\\\\\s1967\\\\xx\\\\\\\\\\\\000\0\\\\\d
=040  \\$aFDA$beng$cFDA
=035  \\$a(FSUSCA)Horward_Row_2_Section_7_1219
=049  \\$lHorward_Row_2_Section_7_1219
=100  1\$aDelderfield, R. F.
=245  14$aThe Retreat from Moscow /$cR. F. Delderfield
=264  \1$a[Place of publication not identified] :$bHodder and Stoughton,$c1967
=300  \\$avolume
=336  \\$atext$btxt$2rdacontent
=337  \\$aunmediated$bn$2rdamedia
=338  \\$avolume$bnc$2rdacarrier
=500  \\$aTitle on spreadsheet: "The Retreat from Moscow."
=932  2\$aHorward Collection$9LOCAL
=936  1\$aHorward, Donald D.,$edonor$9LOCAL
=949  \\$aFTaSU$bFSUSP$cREVIEW$9LOCAL

