=LDR  00775nam a2200217Mi 4500
=008  \\\\\\s1934\\\\xx\\\\\\\\\\\\000\0\\\\\d
=040  \\$aFDA$beng$cFDA
=035  \\$a(FSUSCA)Horward_Row_4_Section_7_2512
=049  \\$lHorward_Row_4_Section_7_2512
=100  1\$aHoussaye, Henry
=245  14$aThe Return of Napoleon /$cHenry Houssaye
=264  \1$a[Place of publication not identified] :$bLongmans, Green, and Co.,$c1934
=300  \\$avolume
=336  \\$atext$btxt$2rdacontent
=337  \\$aunmediated$bn$2rdamedia
=338  \\$avolume$bnc$2rdacarrier
=500  \\$aTitle on spreadsheet: "The Return of Napoleon."
=500  \\$aContains a library checkout slip.
=932  2\$aHorward Collection$9LOCAL
=936  1\$aHorward, Donald D.,$edonor$9LOCAL
=949  \\$aFTaSU$bFSUSP$cREVIEW$9LOCAL

