=LDR  00759nam a2200205Mi 4500
=008  \\\\\\s1972\\\\xx\\\\\\\\\\\\000\0\\\\\d
=040  \\$aFDA$beng$cFDA
=035  \\$a(FSUSCA)Horward_Row_2_Section_1_146
=049  \\$lHorward_Row_2_Section_1_146
=100  1\$aRobison, Georgia
=245  10$aRevaliere-Lepeaux Citizen Director 1753-1824 /$cRobison, Georgia
=264  \1$a[Place of publication not identified] :$bOctagon Books,$c1972
=300  \\$avolume
=336  \\$atext$btxt$2rdacontent
=337  \\$aunmediated$bn$2rdamedia
=338  \\$avolume$bnc$2rdacarrier
=500  \\$aTitle on spreadsheet: "Revaliere-Lepeaux Citizen Director 1753-1824."
=932  2\$aHorward Collection$9LOCAL
=936  1\$aHorward, Donald D.,$edonor$9LOCAL
=949  \\$aFTaSU$bFSUSP$cREVIEW$9LOCAL

