=LDR  00802nam a2200205Mi 4500
=008  \\\\\\s1947\\\\xx\\\\\\\\\\\\000\0\\\\\d
=040  \\$aFDA$beng$cFDA
=035  \\$a(FSUSCA)Horward_Row_2_Section_4_635
=049  \\$lHorward_Row_2_Section_4_635
=100  1\$aEbeyer, Paul Pierre
=245  10$aRevelations Concerning Napoleon's Escape From St. Helena /$cPaul Pierre Ebeyer
=264  \1$a[Place of publication not identified] :$bWindmill Publishing Company,$c1947
=300  \\$avolume
=336  \\$atext$btxt$2rdacontent
=337  \\$aunmediated$bn$2rdamedia
=338  \\$avolume$bnc$2rdacarrier
=500  \\$aTitle on spreadsheet: "Revelations Concerning Napoleon's Escape From St. Helena."
=932  2\$aHorward Collection$9LOCAL
=936  1\$aHorward, Donald D.,$edonor$9LOCAL
=949  \\$aFTaSU$bFSUSP$cREVIEW$9LOCAL

