=LDR  00819nam a2200229Mi 4500
=008  \\\\\\s2002\\\\xx\\\\\\\\\\\\000\0\\\\\d
=040  \\$aFDA$beng$cFDA
=035  \\$a(FSUSCA)Horward_Row_2_Section_1_105
=049  \\$lHorward_Row_2_Section_1_105
=100  1\$aBreunig, Charles
=245  14$aThe Revolutionary Era 1789-1850 /$cBreunig, Charles and Levinger, Matthew
=250  \\$a3rd
=264  \1$a[Place of publication not identified] :$bW.W. Norton and Company,$c2002
=300  \\$avolume
=336  \\$atext$btxt$2rdacontent
=337  \\$aunmediated$bn$2rdamedia
=338  \\$avolume$bnc$2rdacarrier
=500  \\$aTitle on spreadsheet: "The Revolutionary Era 1789-1850."
=700  1\$aLevinger, Matthew
=932  2\$aHorward Collection$9LOCAL
=936  1\$aHorward, Donald D.,$edonor$9LOCAL
=949  \\$aFTaSU$bFSUSP$cREVIEW$9LOCAL

