=LDR  00831nam a2200205Mi 4500
=008  \\\\\\s1975\\\\xx\\\\\\\\\\\\000\0\\\\\d
=040  \\$aFDA$beng$cFDA
=035  \\$a(FSUSCA)Horward_Row_2_Section_12_2027
=049  \\$lHorward_Row_2_Section_12_2027
=100  1\$aSevern, John Kenneth
=245  10$aRichard Marquess Wellesley and the Conduct of Anglo-Spanish Diplomacy /$cJohn Kenneth Severn
=264  \1$a[Place of publication not identified] :$bFlorida State University,$c1975
=300  \\$avolume
=336  \\$atext$btxt$2rdacontent
=337  \\$aunmediated$bn$2rdamedia
=338  \\$avolume$bnc$2rdacarrier
=500  \\$aTitle on spreadsheet: "Richard Marquess Wellesley and the Conduct of Anglo-Spanish Diplomacy."
=932  2\$aHorward Collection$9LOCAL
=936  1\$aHorward, Donald D.,$edonor$9LOCAL
=949  \\$aFTaSU$bFSUSP$cREVIEW$9LOCAL

