=LDR  00699nam a2200205Mi 4500
=008  \\\\\\s1901\\\\xx\\\\\\\\\\\\000\0\\\\\d
=040  \\$aFDA$beng$cFDA
=035  \\$a(FSUSCA)Horward_Row_2_Section_8_1344
=049  \\$lHorward_Row_2_Section_8_1344
=100  1\$aWood, Walter
=245  14$aThe Rifle Brigade /$cWalter Wood
=264  \1$a[Place of publication not identified] :$bGrant Richards,$c1901
=300  \\$avolume
=336  \\$atext$btxt$2rdacontent
=337  \\$aunmediated$bn$2rdamedia
=338  \\$avolume$bnc$2rdacarrier
=500  \\$aTitle on spreadsheet: "The Rifle Brigade."
=932  2\$aHorward Collection$9LOCAL
=936  1\$aHorward, Donald D.,$edonor$9LOCAL
=949  \\$aFTaSU$bFSUSP$cREVIEW$9LOCAL

