=LDR  00947nam a2200205Mi 4500
=008  \\\\\\s2004\\\\xx\\\\\\\\\\\\000\0\\\\\d
=040  \\$aFDA$beng$cFDA
=035  \\$a(FSUSCA)Horward_Row_4_Section_5_2095
=049  \\$lHorward_Row_4_Section_5_2095
=100  1\$aGreene, Karen L.
=245  14$aThe Rise and Fall of a Revolution, The Political Career of Louis-Marie Stanislas Freron, Representative on Mission and Conventionnel /$cKaren L. Greene
=264  \1$a[Place of publication not identified] :$bFlorida State University,$c2004
=300  \\$avolume
=336  \\$atext$btxt$2rdacontent
=337  \\$aunmediated$bn$2rdamedia
=338  \\$avolume$bnc$2rdacarrier
=500  \\$aTitle on spreadsheet: "The Rise and Fall of a Revolution: The Political Career of Louis-Marie Stanislas Freron, Representative on Mission and Conventionnel."
=932  2\$aHorward Collection$9LOCAL
=936  1\$aHorward, Donald D.,$edonor$9LOCAL
=949  \\$aFTaSU$bFSUSP$cREVIEW$9LOCAL

