=LDR  00750nam a2200205Mi 4500
=008  \\\\\\s1954\\\\xx\\\\\\\\\\\\000\0\\\\\d
=040  \\$aFDA$beng$cFDA
=035  \\$a(FSUSCA)Horward_Row_2_Section_1_62
=049  \\$lHorward_Row_2_Section_1_62
=100  1\$aMartin, Kingsley
=245  14$aThe Rise of French Liberal Thoughts /$cMartin, Kingsley
=264  \1$a[Place of publication not identified] :$bNew York Univerity Press,$c1954
=300  \\$avolume
=336  \\$atext$btxt$2rdacontent
=337  \\$aunmediated$bn$2rdamedia
=338  \\$avolume$bnc$2rdacarrier
=500  \\$aTitle on spreadsheet: "The Rise of French Liberal Thoughts."
=932  2\$aHorward Collection$9LOCAL
=936  1\$aHorward, Donald D.,$edonor$9LOCAL
=949  \\$aFTaSU$bFSUSP$cREVIEW$9LOCAL

