=LDR  00887nam a2200217Mi 4500
=008  \\\\\\s1985\\\\xx\\\\\\\\\\\\000\0\\\\\d
=040  \\$aFDA$beng$cFDA
=035  \\$a(FSUSCA)Horward_Row_2_Section_10_1805
=049  \\$lHorward_Row_2_Section_10_1805
=100  1\$aAlexander, Don W.
=245  10$aRod of Iron, French Counterinsurgency Policy in Aragon During the Peninsular War /$cDon W. Alexander
=264  \1$a[Place of publication not identified] :$bScholarly Resources, Inc.,$c1985
=300  \\$avolume
=336  \\$atext$btxt$2rdacontent
=337  \\$aunmediated$bn$2rdamedia
=338  \\$avolume$bnc$2rdacarrier
=500  \\$aTitle on spreadsheet: "Rod of Iron: French Counterinsurgency Policy in Aragon During the Peninsular War."
=500  \\$aLetter from publisher.
=932  2\$aHorward Collection$9LOCAL
=936  1\$aHorward, Donald D.,$edonor$9LOCAL
=949  \\$aFTaSU$bFSUSP$cREVIEW$9LOCAL

