=LDR  00699nam a2200205Mi 4500
=008  \\\\\\s1810\\\\xx\\\\\\\\\\\\000\0\\\\\d
=040  \\$aFDA$beng$cFDA
=035  \\$a(FSUSCA)Horward_Row_2_Section_2_208
=049  \\$lHorward_Row_2_Section_2_208
=100  1\$aEarl Grey
=245  10$aRoscoe's Tracts on War /$cEarl Grey
=264  \1$a[Place of publication not identified] :$bJ. M'Creery,$c1810
=300  \\$avolume
=336  \\$atext$btxt$2rdacontent
=337  \\$aunmediated$bn$2rdamedia
=338  \\$avolume$bnc$2rdacarrier
=500  \\$aTitle on spreadsheet: "Roscoe's Tracts on War."
=932  2\$aHorward Collection$9LOCAL
=936  1\$aHorward, Donald D.,$edonor$9LOCAL
=949  \\$aFTaSU$bFSUSP$cREVIEW$9LOCAL

