=LDR  00799nam a2200229Mi 4500
=008  \\\\\\s1943\\\\xx\\\\\\\\\\\\000\0\\\\\d
=040  \\$aFDA$beng$cFDA
=035  \\$a(FSUSCA)Horward_Row_4_Section_7_2401
=049  \\$lHorward_Row_4_Section_7_2401
=100  1\$ade la Fuye, Maurice
=245  10$aRouget de Lisle Inconnu /$cMaurice de la Fuye et Emilie Gueret
=264  \1$a[Place of publication not identified] :$bHachette,$c1943
=300  \\$avolume
=336  \\$atext$btxt$2rdacontent
=337  \\$aunmediated$bn$2rdamedia
=338  \\$avolume$bnc$2rdacarrier
=500  \\$aTitle on spreadsheet: "Rouget de Lisle Inconnu."
=500  \\$aCustom binding.
=700  1\$aGueret, Emilie
=932  2\$aHorward Collection$9LOCAL
=936  1\$aHorward, Donald D.,$edonor$9LOCAL
=949  \\$aFTaSU$bFSUSP$cREVIEW$9LOCAL

