=LDR  00736nam a2200205Mi 4500
=008  \\\\\\s1972\\\\xx\\\\\\\\\\\\000\0\\\\\d
=040  \\$aFDA$beng$cFDA
=035  \\$a(FSUSCA)Horward_Row_4_Section_8_2616
=049  \\$lHorward_Row_4_Section_8_2616
=100  1\$aMcLaughlin, Redmond
=245  14$aThe Royal Army Medical Corps /$cRedmond McLaughlin
=264  \1$a[Place of publication not identified] :$bLeo Cooper Ltd.,$c1972
=300  \\$avolume
=336  \\$atext$btxt$2rdacontent
=337  \\$aunmediated$bn$2rdamedia
=338  \\$avolume$bnc$2rdacarrier
=500  \\$aTitle on spreadsheet: "The Royal Army Medical Corps."
=932  2\$aHorward Collection$9LOCAL
=936  1\$aHorward, Donald D.,$edonor$9LOCAL
=949  \\$aFTaSU$bFSUSP$cREVIEW$9LOCAL

