=LDR  00716nam a2200205Mi 4500
=008  \\\\\\s2010\\\\xx\\\\\\\\\\\\000\0\\\\\d
=040  \\$aFDA$beng$cFDA
=035  \\$a(FSUSCA)Horward_Row_4_Section_7_2495
=049  \\$lHorward_Row_4_Section_7_2495
=100  1\$aLieven, Dominic
=245  10$aRussia Against Napoleon /$cDominic Lieven
=264  \1$a[Place of publication not identified] :$bPenguin Books,$c2010
=300  \\$avolume
=336  \\$atext$btxt$2rdacontent
=337  \\$aunmediated$bn$2rdamedia
=338  \\$avolume$bnc$2rdacarrier
=500  \\$aTitle on spreadsheet: "Russia Against Napoleon."
=932  2\$aHorward Collection$9LOCAL
=936  1\$aHorward, Donald D.,$edonor$9LOCAL
=949  \\$aFTaSU$bFSUSP$cREVIEW$9LOCAL

