=LDR  00736nam a2200205Mi 4500
=008  \\\\\\s1970\\\\xx\\\\\\\\\\\\000\0\\\\\d
=040  \\$aFDA$beng$cFDA
=035  \\$a(FSUSCA)Horward_Row_2_Section_7_1214
=049  \\$lHorward_Row_2_Section_7_1214
=100  1\$ade Fezansac, M.
=245  14$aThe Russian Campaign, 1812 /$cM. de Fezansac
=264  \1$a[Place of publication not identified] :$bUniversity of Georgia Press,$c1970
=300  \\$avolume
=336  \\$atext$btxt$2rdacontent
=337  \\$aunmediated$bn$2rdamedia
=338  \\$avolume$bnc$2rdacarrier
=500  \\$aTitle on spreadsheet: "The Russian Campaign, 1812."
=932  2\$aHorward Collection$9LOCAL
=936  1\$aHorward, Donald D.,$edonor$9LOCAL
=949  \\$aFTaSU$bFSUSP$cREVIEW$9LOCAL

