=LDR  00788nam a2200205Mi 4500
=008  \\\\\\s2012\\\\xx\\\\\\\\\\\\000\0\\\\\d
=040  \\$aFDA$beng$cFDA
=035  \\$a(FSUSCA)Horward_Row_4_Section_7_2493
=049  \\$lHorward_Row_4_Section_7_2493
=100  1\$aMikaberidze, Alexander
=245  10$aRussian Eyewitness Accounts of the Campaign of 1812 /$cAlexander Mikaberidze
=264  \1$a[Place of publication not identified] :$bFrontline Books,$c2012
=300  \\$avolume
=336  \\$atext$btxt$2rdacontent
=337  \\$aunmediated$bn$2rdamedia
=338  \\$avolume$bnc$2rdacarrier
=500  \\$aTitle on spreadsheet: "Russian Eyewitness Accounts of the Campaign of 1812."
=932  2\$aHorward Collection$9LOCAL
=936  1\$aHorward, Donald D.,$edonor$9LOCAL
=949  \\$aFTaSU$bFSUSP$cREVIEW$9LOCAL

