=LDR  00743nam a2200217Mi 4500
=008  \\\\\\s2002\\\\xx\\\\\\\\\\\\000\0\\\\\d
=040  \\$aFDA$beng$cFDA
=035  \\$a(FSUSCA)Horward_Row_2_Section_11_1957
=049  \\$lHorward_Row_2_Section_11_1957
=100  1\$aWeider, Ben
=245  10$aRussian Title /$cBen Weider
=264  \1$a[Place of publication not identified] :$b[publisher not identified],$c2002
=300  \\$avolume
=336  \\$atext$btxt$2rdacontent
=337  \\$aunmediated$bn$2rdamedia
=338  \\$avolume$bnc$2rdacarrier
=500  \\$aTitle on spreadsheet: "Russian Title."
=500  \\$aLetter from Ben Weider.
=932  2\$aHorward Collection$9LOCAL
=936  1\$aHorward, Donald D.,$edonor$9LOCAL
=949  \\$aFTaSU$bFSUSP$cREVIEW$9LOCAL

