=LDR  00724nam a2200205Mi 4500
=008  \\\\\\s1996\\\\xx\\\\\\\\\\\\000\0\\\\\d
=040  \\$aFDA$beng$cFDA
=035  \\$a(FSUSCA)Horward_Row_2_Section_11_1979
=049  \\$lHorward_Row_2_Section_11_1979
=100  1\$aSutcliffe, Victor
=245  14$aThe Sandler Collection /$cVictor Sutcliffe
=264  \1$a[Place of publication not identified] :$bKen Trotman, Ltd.,$c1996
=300  \\$avolume
=336  \\$atext$btxt$2rdacontent
=337  \\$aunmediated$bn$2rdamedia
=338  \\$avolume$bnc$2rdacarrier
=500  \\$aTitle on spreadsheet: "The Sandler Collection."
=932  2\$aHorward Collection$9LOCAL
=936  1\$aHorward, Donald D.,$edonor$9LOCAL
=949  \\$aFTaSU$bFSUSP$cREVIEW$9LOCAL

