=LDR  00719nam a2200205Mi 4500
=008  \\\\\\s1980\\\\xx\\\\\\\\\\\\000\0\\\\\d
=040  \\$aFDA$beng$cFDA
=035  \\$a(FSUSCA)Horward_Row_2_Section_9_1518
=049  \\$lHorward_Row_2_Section_9_1518
=100  1\$aCallixto, Carlos Pereira
=245  10$aSao Juliao Da Barra /$cCarlos Pereira Callixto
=264  \1$a[Place of publication not identified] :$bLisboa,$c1980
=300  \\$avolume
=336  \\$atext$btxt$2rdacontent
=337  \\$aunmediated$bn$2rdamedia
=338  \\$avolume$bnc$2rdacarrier
=500  \\$aTitle on spreadsheet: "Sao Juliao Da Barra."
=932  2\$aHorward Collection$9LOCAL
=936  1\$aHorward, Donald D.,$edonor$9LOCAL
=949  \\$aFTaSU$bFSUSP$cREVIEW$9LOCAL

