=LDR  00796nam a2200205Mi 4500
=008  \\\\\\s1968\\\\xx\\\\\\\\\\\\000\0\\\\\d
=040  \\$aFDA$beng$cFDA
=035  \\$a(FSUSCA)Horward_Row_4_Section_6_2148
=049  \\$lHorward_Row_4_Section_6_2148
=100  1\$aThoumine, R.H.
=245  10$aScientific Soldier, A Life of General le Merchant 1766-1812 /$cR.H. Thoumine
=264  \1$a[Place of publication not identified] :$bOxford University Press,$c1968
=300  \\$avolume
=336  \\$atext$btxt$2rdacontent
=337  \\$aunmediated$bn$2rdamedia
=338  \\$avolume$bnc$2rdacarrier
=500  \\$aTitle on spreadsheet: "Scientific Soldier: A Life of General le Merchant 1766-1812."
=932  2\$aHorward Collection$9LOCAL
=936  1\$aHorward, Donald D.,$edonor$9LOCAL
=949  \\$aFTaSU$bFSUSP$cREVIEW$9LOCAL

