=LDR  00800nam a2200217Mi 4500
=008  \\\\\\s1972\\\\xx\\\\\\\\\\\\000\0\\\\\d
=040  \\$aFDA$beng$cFDA
=035  \\$a(FSUSCA)Horward_Row_2_Section_10_1740
=049  \\$lHorward_Row_2_Section_10_1740
=100  1\$aVillefosse, Louis de
=245  14$aThe Scourge of the Eagle /$cLouis de Villefosse and Janine Bouissounouse
=264  \1$a[Place of publication not identified] :$bSidgwick and Jackson,$c1972
=300  \\$avolume
=336  \\$atext$btxt$2rdacontent
=337  \\$aunmediated$bn$2rdamedia
=338  \\$avolume$bnc$2rdacarrier
=500  \\$aTitle on spreadsheet: "The Scourge of the Eagle."
=700  1\$aBouissounouse, Janine
=932  2\$aHorward Collection$9LOCAL
=936  1\$aHorward, Donald D.,$edonor$9LOCAL
=949  \\$aFTaSU$bFSUSP$cREVIEW$9LOCAL

