=LDR  00818nam a2200205Mi 4500
=008  \\\\\\s1922\\\\xx\\\\\\\\\\\\000\0\\\\\d
=040  \\$aFDA$beng$cFDA
=035  \\$a(FSUSCA)Horward_Row_4_Section_6_2314
=049  \\$lHorward_Row_4_Section_6_2314
=100  1\$aGuedalla, Philip
=245  14$aThe Second Empire, Bonapartism, the Prince, The President, the Emperor /$cPhilip Guedalla
=264  \1$a[Place of publication not identified] :$bG. P. Putnam's Sons,$c1922
=300  \\$avolume
=336  \\$atext$btxt$2rdacontent
=337  \\$aunmediated$bn$2rdamedia
=338  \\$avolume$bnc$2rdacarrier
=500  \\$aTitle on spreadsheet: "The Second Empire: Bonapartism, the Prince, The President, the Emperor."
=932  2\$aHorward Collection$9LOCAL
=936  1\$aHorward, Donald D.,$edonor$9LOCAL
=949  \\$aFTaSU$bFSUSP$cREVIEW$9LOCAL

