=LDR  00774nam a2200205Mi 4500
=008  \\\\\\s1999\\\\xx\\\\\\\\\\\\000\0\\\\\d
=040  \\$aFDA$beng$cFDA
=035  \\$a(FSUSCA)Horward_Row_2_Section_8_1375
=049  \\$lHorward_Row_2_Section_8_1375
=100  1\$aSparrow, Elizabeth
=245  10$aSecret Service,British Agents in France 1792-1815 /$cElizabeth Sparrow
=264  \1$a[Place of publication not identified] :$bBoydell Press,$c1999
=300  \\$avolume
=336  \\$atext$btxt$2rdacontent
=337  \\$aunmediated$bn$2rdamedia
=338  \\$avolume$bnc$2rdacarrier
=500  \\$aTitle on spreadsheet: "Secret Service:British Agents in France 1792-1815."
=932  2\$aHorward Collection$9LOCAL
=936  1\$aHorward, Donald D.,$edonor$9LOCAL
=949  \\$aFTaSU$bFSUSP$cREVIEW$9LOCAL

