=LDR  00792nam a2200217Mi 4500
=008  \\\\\\s1995\\\\xx\\\\\\\\\\\\000\0\\\\\d
=040  \\$aFDA$beng$cFDA
=035  \\$a(FSUSCA)Horward_Row_2_Section_8_1322
=049  \\$lHorward_Row_2_Section_8_1322
=100  1\$aCornell, Thomas F.
=245  10$aSelected Readings in Military /$cedited by Thomas F. Cornell
=250  \\$aThird Edition
=264  \1$a[Place of publication not identified] :$bKendall/Hunt Publishing Company,$c1995
=300  \\$avolume
=336  \\$atext$btxt$2rdacontent
=337  \\$aunmediated$bn$2rdamedia
=338  \\$avolume$bnc$2rdacarrier
=500  \\$aTitle on spreadsheet: "Selected Readings in Military."
=932  2\$aHorward Collection$9LOCAL
=936  1\$aHorward, Donald D.,$edonor$9LOCAL
=949  \\$aFTaSU$bFSUSP$cREVIEW$9LOCAL

