=LDR  00816nam a2200205Mi 4500
=008  \\\\\\s1966\\\\xx\\\\\\\\\\\\000\0\\\\\d
=040  \\$aFDA$beng$cFDA
=035  \\$a(FSUSCA)Horward_Row_4_Section_5_2139
=049  \\$lHorward_Row_4_Section_5_2139
=100  1\$aLoucks
=245  14$aThe Services of the Marquis de la Romana in the Spanish War for Independence /$cLoucks
=264  \1$a[Place of publication not identified] :$bFlorida State University,$c1966
=300  \\$avolume
=336  \\$atext$btxt$2rdacontent
=337  \\$aunmediated$bn$2rdamedia
=338  \\$avolume$bnc$2rdacarrier
=500  \\$aTitle on spreadsheet: "The Services of the Marquis de la Romana in the Spanish War for Independence."
=932  2\$aHorward Collection$9LOCAL
=936  1\$aHorward, Donald D.,$edonor$9LOCAL
=949  \\$aFTaSU$bFSUSP$cREVIEW$9LOCAL

