=LDR  00719nam a2200205Mi 4500
=008  \\\\\\s1949\\\\xx\\\\\\\\\\\\000\0\\\\\d
=040  \\$aFDA$beng$cFDA
=035  \\$a(FSUSCA)Horward_Row_2_Section_9_1473
=049  \\$lHorward_Row_2_Section_9_1473
=100  1\$aDelderfield, R.F.
=245  10$aSeven Men of Gascony /$cR.F. Delderfield
=264  \1$a[Place of publication not identified] :$bSimon and Schuster,$c1949
=300  \\$avolume
=336  \\$atext$btxt$2rdacontent
=337  \\$aunmediated$bn$2rdamedia
=338  \\$avolume$bnc$2rdacarrier
=500  \\$aTitle on spreadsheet: "Seven Men of Gascony."
=932  2\$aHorward Collection$9LOCAL
=936  1\$aHorward, Donald D.,$edonor$9LOCAL
=949  \\$aFTaSU$bFSUSP$cREVIEW$9LOCAL

