=LDR  00703nam a2200205Mi 4500
=008  \\\\\\s1981\\\\xx\\\\\\\\\\\\000\0\\\\\d
=040  \\$aFDA$beng$cFDA
=035  \\$a(FSUSCA)Horward_Row_2_Section_2_193
=049  \\$lHorward_Row_2_Section_2_193
=100  1\$aCornwell, Bernard
=245  10$aSharpe's Eagle /$cBernard Cornwell
=264  \1$a[Place of publication not identified] :$bThe Viking Press,$c1981
=300  \\$avolume
=336  \\$atext$btxt$2rdacontent
=337  \\$aunmediated$bn$2rdamedia
=338  \\$avolume$bnc$2rdacarrier
=500  \\$aTitle on spreadsheet: "Sharpe's Eagle."
=932  2\$aHorward Collection$9LOCAL
=936  1\$aHorward, Donald D.,$edonor$9LOCAL
=949  \\$aFTaSU$bFSUSP$cREVIEW$9LOCAL

