=LDR  00803nam a2200217Mi 4500
=008  \\\\\\s2002\\\\xx\\\\\\\\\\\\000\0\\\\\d
=040  \\$aFDA$beng$cFDA
=035  \\$a(FSUSCA)Horward_Row_2_Section_2_203
=049  \\$lHorward_Row_2_Section_2_203
=100  1\$aPopkin, Jeremy D.
=245  10$aShort History of the French revolution /$cJeremy D. Popkin
=250  \\$aThird edition
=264  \1$a[Place of publication not identified] :$bUniversity of Kentucky,$c2002
=300  \\$avolume
=336  \\$atext$btxt$2rdacontent
=337  \\$aunmediated$bn$2rdamedia
=338  \\$avolume$bnc$2rdacarrier
=500  \\$aTitle on spreadsheet: "A Short History of the French revolution third edition."
=932  2\$aHorward Collection$9LOCAL
=936  1\$aHorward, Donald D.,$edonor$9LOCAL
=949  \\$aFTaSU$bFSUSP$cREVIEW$9LOCAL

