=LDR  00778nam a2200229Mi 4500
=008  \\\\\\s1840\\\\xx\\\\\\\\\\\\000\0\\\\\d
=040  \\$aFDA$beng$cFDA
=035  \\$a(FSUSCA)Horward_Row_2_Section_4_596
=049  \\$lHorward_Row_2_Section_4_596
=100  1\$aBaron LeJeune
=245  10$aSieges de Saragosse /$cBaron LeJeune
=264  \1$a[Place of publication not identified] :$bLibrairie de Firmin Didot Freres,$c1840
=300  \\$avolume
=336  \\$atext$btxt$2rdacontent
=337  \\$aunmediated$bn$2rdamedia
=338  \\$avolume$bnc$2rdacarrier
=500  \\$aTitle on spreadsheet: "Sieges de Saragosse."
=500  \\$aCustom binding.
=500  \\$aSigned.
=932  2\$aHorward Collection$9LOCAL
=936  1\$aHorward, Donald D.,$edonor$9LOCAL
=949  \\$aFTaSU$bFSUSP$cREVIEW$9LOCAL

