=LDR  00769nam a2200205Mi 4500
=008  \\\\\\s1969\\\\xx\\\\\\\\\\\\000\0\\\\\d
=040  \\$aFDA$beng$cFDA
=035  \\$a(FSUSCA)Horward_Row_2_Section_10_1674
=049  \\$lHorward_Row_2_Section_10_1674
=100  1\$aForthergill, Brian
=245  10$aSir William Hamilton - Envoy Extraordinary /$cBrian Forthergill
=264  \1$a[Place of publication not identified] :$bHelen and Kurt Wolff,$c1969
=300  \\$avolume
=336  \\$atext$btxt$2rdacontent
=337  \\$aunmediated$bn$2rdamedia
=338  \\$avolume$bnc$2rdacarrier
=500  \\$aTitle on spreadsheet: "Sir William Hamilton - Envoy Extraordinary."
=932  2\$aHorward Collection$9LOCAL
=936  1\$aHorward, Donald D.,$edonor$9LOCAL
=949  \\$aFTaSU$bFSUSP$cREVIEW$9LOCAL

