=LDR  00732nam a2200205Mi 4500
=008  \\\\\\s1909\\\\xx\\\\\\\\\\\\000\0\\\\\d
=040  \\$aFDA$beng$cFDA
=035  \\$a(FSUSCA)Horward_Row_2_Section_7_1108
=049  \\$lHorward_Row_2_Section_7_1108
=100  1\$aTrowbridge, W.R.H.
=245  14$aThe Sisters of Napoleon /$cW.R.H. Trowbridge
=264  \1$a[Place of publication not identified] :$bCharles Scribner's Sons,$c1909
=300  \\$avolume
=336  \\$atext$btxt$2rdacontent
=337  \\$aunmediated$bn$2rdamedia
=338  \\$avolume$bnc$2rdacarrier
=500  \\$aTitle on spreadsheet: "The Sisters of Napoleon."
=932  2\$aHorward Collection$9LOCAL
=936  1\$aHorward, Donald D.,$edonor$9LOCAL
=949  \\$aFTaSU$bFSUSP$cREVIEW$9LOCAL

