=LDR  00820nam a2200229Mi 4500
=008  \\\\\\s1912\\\\xx\\\\\\\\\\\\000\0\\\\\d
=040  \\$aFDA$beng$cFDA
=035  \\$a(FSUSCA)Horward_Row_2_Section_5_764
=049  \\$lHorward_Row_2_Section_5_764
=100  1\$aBaron de Baye
=245  10$aSmolensk Les Origines L'epopee de Smolensk en 1812
=264  \1$a[Place of publication not identified] :$bLibrairie academique Perrin,$c1912
=300  \\$avolume
=336  \\$atext$btxt$2rdacontent
=337  \\$aunmediated$bn$2rdamedia
=338  \\$avolume$bnc$2rdacarrier
=500  \\$aTitle on spreadsheet: "Smolensk Les Origines L'epopee de Smolensk en 1812."
=500  \\$aCustom binding.
=500  \\$aEphemera.
=932  2\$aHorward Collection$9LOCAL
=936  1\$aHorward, Donald D.,$edonor$9LOCAL
=949  \\$aFTaSU$bFSUSP$cREVIEW$9LOCAL

