=LDR  00789nam a2200217Mi 4500
=008  \\\\\\s1902\\\\xx\\\\\\\\\\\\000\0\\\\\d
=040  \\$aFDA$beng$cFDA
=035  \\$a(FSUSCA)Horward_Row_2_Section_3_522
=049  \\$lHorward_Row_2_Section_3_522
=100  1\$aTaveira, A. P.
=245  10$aSobre a Defeza de Portugal.$nPrimeira Parte /$cA. P. Taveira
=264  \1$a[Place of publication not identified] :$bLisboa?,$c1902
=300  \\$avolume
=336  \\$atext$btxt$2rdacontent
=337  \\$aunmediated$bn$2rdamedia
=338  \\$avolume$bnc$2rdacarrier
=500  \\$aTitle on spreadsheet: "Sobre a Defeza de Portugal, Primeira Parte (1640-1815)."
=500  \\$aCustom binding.
=932  2\$aHorward Collection$9LOCAL
=936  1\$aHorward, Donald D.,$edonor$9LOCAL
=949  \\$aFTaSU$bFSUSP$cREVIEW$9LOCAL

