=LDR  00735nam a2200217Mi 4500
=008  \\\\\\s1915\\\\xx\\\\\\\\\\\\000\0\\\\\d
=040  \\$aFDA$beng$cFDA
=035  \\$a(FSUSCA)Horward_Row_2_Section_4_585
=049  \\$lHorward_Row_2_Section_4_585
=100  1\$aBrun, Andre
=245  10$aSoldados de Portugal /$cAndre Brun
=264  \1$a[Place of publication not identified] :$bGuimaraes and C.,$c1915
=300  \\$avolume
=336  \\$atext$btxt$2rdacontent
=337  \\$aunmediated$bn$2rdamedia
=338  \\$avolume$bnc$2rdacarrier
=500  \\$aTitle on spreadsheet: "Soldados de Portugal."
=500  \\$aCustom binding.
=932  2\$aHorward Collection$9LOCAL
=936  1\$aHorward, Donald D.,$edonor$9LOCAL
=949  \\$aFTaSU$bFSUSP$cREVIEW$9LOCAL

