=LDR  00825nam a2200229Mi 4500
=008  \\\\\\s1909\\\\xx\\\\\\\\\\\\000\0\\\\\d
=040  \\$aFDA$beng$cFDA
=035  \\$a(FSUSCA)Horward_Row_2_Section_1_56
=049  \\$lHorward_Row_2_Section_1_56
=100  1\$aBouquet, Henry
=245  10$aSoldat Suisses au Service Etranger /$cBouquet, Henry, Begos, Louis and Maillefer, J.D.
=264  \1$a[Place of publication not identified] :$bA. Jullien,$c1909
=300  \\$avolume
=336  \\$atext$btxt$2rdacontent
=337  \\$aunmediated$bn$2rdamedia
=338  \\$avolume$bnc$2rdacarrier
=500  \\$aTitle on spreadsheet: "Soldat Suisses au Service Etranger."
=700  1\$aBegos, Louis
=700  1\$aMaillefer, J.D.
=932  2\$aHorward Collection$9LOCAL
=936  1\$aHorward, Donald D.,$edonor$9LOCAL
=949  \\$aFTaSU$bFSUSP$cREVIEW$9LOCAL

