=LDR  00911nam a2200217Mi 4500
=008  \\\\\\s1998\\\\xx\\\\\\\\\\\\000\0\\\\\d
=040  \\$aFDA$beng$cFDA
=035  \\$a(FSUSCA)Horward_Row_2_Section_11_1931
=049  \\$lHorward_Row_2_Section_11_1931
=100  1\$aHausmann, Cynthia Joy
=245  10$aSoldier for Napoleon, The Campaigns of Lieutenant Franz Joseph Hausmann 7th Bavarian Army /$cCynthia Joy Hausmann
=264  \1$a[Place of publication not identified] :$bGreenhill Books,$c1998
=300  \\$avolume
=336  \\$atext$btxt$2rdacontent
=337  \\$aunmediated$bn$2rdamedia
=338  \\$avolume$bnc$2rdacarrier
=500  \\$aTitle on spreadsheet: "A Soldier for Napoleon: The Campaigns of Lieutenant Franz Joseph Hausmann 7th Bavarian Army."
=500  \\$aLetter from Greenhill Books.
=932  2\$aHorward Collection$9LOCAL
=936  1\$aHorward, Donald D.,$edonor$9LOCAL
=949  \\$aFTaSU$bFSUSP$cREVIEW$9LOCAL

