=LDR  00746nam a2200205Mi 4500
=008  \\\\\\s1990\\\\xx\\\\\\\\\\\\000\0\\\\\d
=040  \\$aFDA$beng$cFDA
=035  \\$a(FSUSCA)Horward_Row_4_Section_7_2491
=049  \\$lHorward_Row_4_Section_7_2491
=100  1\$aHayman, Peter
=245  10$aSoult, Napoleon's Maligned Marshal /$cSir Peter Hayman
=264  \1$a[Place of publication not identified] :$bArms and Armour Press,$c1990
=300  \\$avolume
=336  \\$atext$btxt$2rdacontent
=337  \\$aunmediated$bn$2rdamedia
=338  \\$avolume$bnc$2rdacarrier
=500  \\$aTitle on spreadsheet: "Soult: Napoleon's Maligned Marshal."
=932  2\$aHorward Collection$9LOCAL
=936  1\$aHorward, Donald D.,$edonor$9LOCAL
=949  \\$aFTaSU$bFSUSP$cREVIEW$9LOCAL

