=LDR  00924nam a2200217Mi 4500
=008  \\\\\\s1929\\\\xx\\\\\\\\\\\\000\0\\\\\d
=040  \\$aFDA$beng$cFDA
=035  \\$a(FSUSCA)Horward_Row_4_Section_7_2499
=049  \\$lHorward_Row_4_Section_7_2499
=100  1\$aSpaletti, Jean-Baptiste
=245  10$aSouvenirs D'Enfrance D'Une Fille de Joachim Murat, La Princesse Louise Murat Comtesse Rasponi 1805-1815 /$cJean-Baptiste Spaletti
=264  \1$a[Place of publication not identified] :$bPerrin et Cie,$c1929
=300  \\$avolume
=336  \\$atext$btxt$2rdacontent
=337  \\$aunmediated$bn$2rdamedia
=338  \\$avolume$bnc$2rdacarrier
=500  \\$aTitle on spreadsheet: "Souvenirs D'Enfrance D'Une Fille de Joachim Murat, La Princesse Louise Murat Comtesse Rasponi 1805-1815."
=500  \\$aCustom binding.
=932  2\$aHorward Collection$9LOCAL
=936  1\$aHorward, Donald D.,$edonor$9LOCAL
=949  \\$aFTaSU$bFSUSP$cREVIEW$9LOCAL

