=LDR  00818nam a2200217Mi 4500
=008  \\\\\\s1874\\\\xx\\\\\\\\\\\\000\0\\\\\d
=040  \\$aFDA$beng$cFDA
=035  \\$a(FSUSCA)Horward_Row_2_Section_2_314
=049  \\$lHorward_Row_2_Section_2_314
=100  1\$ade Barral, Victome
=245  10$aSouvenirs de Guerre et de Captivite d'un page de Napoleon /$cVictome de Barral
=264  \1$a[Place of publication not identified] :$bParis - Vie,$c1874
=300  \\$avolume
=336  \\$atext$btxt$2rdacontent
=337  \\$aunmediated$bn$2rdamedia
=338  \\$avolume$bnc$2rdacarrier
=500  \\$aTitle on spreadsheet: "Souvenirs de Guerre et de Captivite d'un page de Napoleon."
=500  \\$aCustom binding.
=932  2\$aHorward Collection$9LOCAL
=936  1\$aHorward, Donald D.,$edonor$9LOCAL
=949  \\$aFTaSU$bFSUSP$cREVIEW$9LOCAL

