=LDR  00698nam a2200205Mi 4500
=008  \\\\\\s1886\\\\xx\\\\\\\\\\\\000\0\\\\\d
=040  \\$aFDA$beng$cFDA
=035  \\$a(FSUSCA)Horward_Row_4_Section_8_2586
=049  \\$lHorward_Row_4_Section_8_2586
=100  1\$aBaron du Casse
=245  10$aSouvenirs de Saint-Cyr
=264  \1$a[Place of publication not identified] :$bE. Dentu Editeur,$c1886
=300  \\$avolume
=336  \\$atext$btxt$2rdacontent
=337  \\$aunmediated$bn$2rdamedia
=338  \\$avolume$bnc$2rdacarrier
=500  \\$aTitle on spreadsheet: "Souvenirs de Saint-Cyr."
=932  2\$aHorward Collection$9LOCAL
=936  1\$aHorward, Donald D.,$edonor$9LOCAL
=949  \\$aFTaSU$bFSUSP$cREVIEW$9LOCAL

