=LDR  00784nam a2200217Mi 4500
=008  \\\\\\s1970\\\\xx\\\\\\\\\\\\000\0\\\\\d
=040  \\$aFDA$beng$cFDA
=035  \\$a(FSUSCA)Horward_Row_4_Section_7_2487
=049  \\$lHorward_Row_4_Section_7_2487
=100  1\$aMistler, Jean
=245  10$aSouvenirs des Guerres Napoleoniennes /$cJean Mistler and Helene Michaud
=264  \1$a[Place of publication not identified] :$bHachette,$c1970
=300  \\$avolume
=336  \\$atext$btxt$2rdacontent
=337  \\$aunmediated$bn$2rdamedia
=338  \\$avolume$bnc$2rdacarrier
=500  \\$aTitle on spreadsheet: "Souvenirs des Guerres Napoleoniennes."
=700  1\$aMichaud, Helene
=932  2\$aHorward Collection$9LOCAL
=936  1\$aHorward, Donald D.,$edonor$9LOCAL
=949  \\$aFTaSU$bFSUSP$cREVIEW$9LOCAL

