=LDR  00726nam a2200217Mi 4500
=008  \\\\\\s1952\\\\xx\\\\\\\\\\\\000\0\\\\\d
=040  \\$aFDA$beng$cFDA
=035  \\$a(FSUSCA)Horward_Row_4_Section_8_2584
=049  \\$lHorward_Row_4_Section_8_2584
=100  1\$aCastelot
=245  10$aSouverains en Fuite /$cCastelot
=264  \1$a[Place of publication not identified] :$bAmiot Dumont,$c1952
=300  \\$avolume
=336  \\$atext$btxt$2rdacontent
=337  \\$aunmediated$bn$2rdamedia
=338  \\$avolume$bnc$2rdacarrier
=500  \\$aTitle on spreadsheet: "Souverains en Fuite."
=500  \\$aCustom binding.
=932  2\$aHorward Collection$9LOCAL
=936  1\$aHorward, Donald D.,$edonor$9LOCAL
=949  \\$aFTaSU$bFSUSP$cREVIEW$9LOCAL

