=LDR  00748nam a2200205Mi 4500
=008  \\\\\\s1975\\\\xx\\\\\\\\\\\\000\0\\\\\d
=040  \\$aFDA$beng$cFDA
=035  \\$a(FSUSCA)Horward_Row_4_Section_7_2437
=049  \\$lHorward_Row_4_Section_7_2437
=100  1\$aVon Pivka, Otto
=245  10$aSpanish Armies of the Napoleonic Wars /$cOtto Von Pivka
=264  \1$a[Place of publication not identified] :$bOsprey Publishing,$c1975
=300  \\$avolume
=336  \\$atext$btxt$2rdacontent
=337  \\$aunmediated$bn$2rdamedia
=338  \\$avolume$bnc$2rdacarrier
=500  \\$aTitle on spreadsheet: "Spanish Armies of the Napoleonic Wars."
=932  2\$aHorward Collection$9LOCAL
=936  1\$aHorward, Donald D.,$edonor$9LOCAL
=949  \\$aFTaSU$bFSUSP$cREVIEW$9LOCAL

