=LDR  00737nam a2200205Mi 4500
=008  \\\\\\s1905\\\\xx\\\\\\\\\\\\000\0\\\\\d
=040  \\$aFDA$beng$cFDA
=035  \\$a(FSUSCA)Horward_Row_4_Section_8_2568
=049  \\$lHorward_Row_4_Section_8_2568
=100  1\$aAnderson, J.H.
=245  10$aSpanish Campaign of Sir John Moore /$cJ.H. Anderson
=264  \1$a[Place of publication not identified] :$bHugh Rees Ltd.,$c1905
=300  \\$avolume
=336  \\$atext$btxt$2rdacontent
=337  \\$aunmediated$bn$2rdamedia
=338  \\$avolume$bnc$2rdacarrier
=500  \\$aTitle on spreadsheet: "Spanish Campaign of Sir John Moore."
=932  2\$aHorward Collection$9LOCAL
=936  1\$aHorward, Donald D.,$edonor$9LOCAL
=949  \\$aFTaSU$bFSUSP$cREVIEW$9LOCAL

