=LDR  00780nam a2200205Mi 4500
=008  \\\\\\s1973\\\\xx\\\\\\\\\\\\000\0\\\\\d
=040  \\$aFDA$beng$cFDA
=035  \\$a(FSUSCA)Horward_Row_2_Section_8_1430
=049  \\$lHorward_Row_2_Section_8_1430
=100  1\$aEpton, Nina
=245  14$aThe Spanish Mousetrap, Napoleon and the Court Spain /$cNina Epton
=264  \1$a[Place of publication not identified] :$bMacdonald and Company Limited,$c1973
=300  \\$avolume
=336  \\$atext$btxt$2rdacontent
=337  \\$aunmediated$bn$2rdamedia
=338  \\$avolume$bnc$2rdacarrier
=500  \\$aTitle on spreadsheet: "The Spanish Mousetrap: Napoleon and the Court Spain."
=932  2\$aHorward Collection$9LOCAL
=936  1\$aHorward, Donald D.,$edonor$9LOCAL
=949  \\$aFTaSU$bFSUSP$cREVIEW$9LOCAL

