=LDR  00726nam a2200217Mi 4500
=008  \\\\\\s1986\\\\xx\\\\\\\\\\\\000\0\\\\\d
=040  \\$aFDA$beng$cFDA
=035  \\$a(FSUSCA)Horward_Row_2_Section_12_2018
=049  \\$lHorward_Row_2_Section_12_2018
=100  1\$aGates, David
=245  14$aThe Spanish Ulcer /$cDavid Gates
=250  \\$aAmerican Edition
=264  \1$a[Place of publication not identified] :$bNorton,$c1986
=300  \\$avolume
=336  \\$atext$btxt$2rdacontent
=337  \\$aunmediated$bn$2rdamedia
=338  \\$avolume$bnc$2rdacarrier
=500  \\$aTitle on spreadsheet: "The Spanish Ulcer."
=932  2\$aHorward Collection$9LOCAL
=936  1\$aHorward, Donald D.,$edonor$9LOCAL
=949  \\$aFTaSU$bFSUSP$cREVIEW$9LOCAL

