=LDR  00916nam a2200229Mi 4500
=008  \\\\\\s2001\\\\xx\\\\\\\\\\\\000\0\\\\\d
=040  \\$aFDA$beng$cFDA
=035  \\$a(FSUSCA)Horward_Row_2_Section_11_1873
=049  \\$lHorward_Row_2_Section_11_1873
=100  1\$aKing, Benjamin
=245  10$aSpearhead of Logistics, A History of the US Army Transportation Corps /$cBenjamin King, Richard Biggs, and Eric Criner
=264  \1$a[Place of publication not identified] :$bUS Army Transportation Center,$c2001
=300  \\$avolume
=336  \\$atext$btxt$2rdacontent
=337  \\$aunmediated$bn$2rdamedia
=338  \\$avolume$bnc$2rdacarrier
=500  \\$aTitle on spreadsheet: "Spearhead of Logistics: A History of the US Army Transportation Corps."
=700  1\$aBiggs, Richard
=700  1\$aCriner, Eric
=932  2\$aHorward Collection$9LOCAL
=936  1\$aHorward, Donald D.,$edonor$9LOCAL
=949  \\$aFTaSU$bFSUSP$cREVIEW$9LOCAL

