=LDR  00773nam a2200217Mi 4500
=008  \\\\\\s1970\\\\xx\\\\\\\\\\\\000\0\\\\\d
=040  \\$aFDA$beng$cFDA
=035  \\$a(FSUSCA)Horward_Row_2_Section_6_927
=049  \\$lHorward_Row_2_Section_6_927
=100  1\$aMadan, Beatrice
=245  10$aSpencer and Waterloo Letters /$cBeatrice Madan
=250  \\$aFirst edition
=264  \1$a[Place of publication not identified] :$bLiterary Services and Production,$c1970
=300  \\$avolume
=336  \\$atext$btxt$2rdacontent
=337  \\$aunmediated$bn$2rdamedia
=338  \\$avolume$bnc$2rdacarrier
=500  \\$aTitle on spreadsheet: "Spencer and Waterloo Letters."
=932  2\$aHorward Collection$9LOCAL
=936  1\$aHorward, Donald D.,$edonor$9LOCAL
=949  \\$aFTaSU$bFSUSP$cREVIEW$9LOCAL

