=LDR  00791nam a2200205Mi 4500
=008  \\\\\\s2005\\\\xx\\\\\\\\\\\\000\0\\\\\d
=040  \\$aFDA$beng$cFDA
=035  \\$a(FSUSCA)Horward_Row_4_Section_6_2203
=049  \\$lHorward_Row_4_Section_6_2203
=100  1\$aBlake, Nicholas
=245  10$aSteering to Glory, A Day in the Life of a Ship of the Line /$cNicholas Blake
=264  \1$a[Place of publication not identified] :$bChatham Publishing,$c2005
=300  \\$avolume
=336  \\$atext$btxt$2rdacontent
=337  \\$aunmediated$bn$2rdamedia
=338  \\$avolume$bnc$2rdacarrier
=500  \\$aTitle on spreadsheet: "Steering to Glory: A Day in the Life of a Ship of the Line."
=932  2\$aHorward Collection$9LOCAL
=936  1\$aHorward, Donald D.,$edonor$9LOCAL
=949  \\$aFTaSU$bFSUSP$cREVIEW$9LOCAL

