=LDR  00749nam a2200205Mi 4500
=008  \\\\\\s1970\\\\xx\\\\\\\\\\\\000\0\\\\\d
=040  \\$aFDA$beng$cFDA
=035  \\$a(FSUSCA)Horward_Row_2_Section_1_54
=049  \\$lHorward_Row_2_Section_1_54
=100  1\$aAbbott, Elisabeth
=245  10$aStendhal, Travels in the South of France /$cAbbott, Elisabeth
=264  \1$a[Place of publication not identified] :$bOrion Press,$c1970
=300  \\$avolume
=336  \\$atext$btxt$2rdacontent
=337  \\$aunmediated$bn$2rdamedia
=338  \\$avolume$bnc$2rdacarrier
=500  \\$aTitle on spreadsheet: "Stendhal: Travels in the South of France."
=932  2\$aHorward Collection$9LOCAL
=936  1\$aHorward, Donald D.,$edonor$9LOCAL
=949  \\$aFTaSU$bFSUSP$cREVIEW$9LOCAL

