=LDR  00911nam a2200205Mi 4500
=008  \\\\\\s1996\\\\xx\\\\\\\\\\\\000\0\\\\\d
=040  \\$aFDA$beng$cFDA
=035  \\$a(FSUSCA)Horward_Row_2_Section_12_2056
=049  \\$lHorward_Row_2_Section_12_2056
=100  1\$aDawson, Matthew Q.
=245  10$aStop the Wheels of Government, America's French Party During the Directory Government and the Rise of Bonaparte /$cMatthew Q. Dawson
=264  \1$a[Place of publication not identified] :$bFlorida State University,$c1996
=300  \\$avolume
=336  \\$atext$btxt$2rdacontent
=337  \\$aunmediated$bn$2rdamedia
=338  \\$avolume$bnc$2rdacarrier
=500  \\$aTitle on spreadsheet: "Stop the Wheels of Government: America's French Party During the Directory Government and the Rise of Bonaparte."
=932  2\$aHorward Collection$9LOCAL
=936  1\$aHorward, Donald D.,$edonor$9LOCAL
=949  \\$aFTaSU$bFSUSP$cREVIEW$9LOCAL

