=LDR  00729nam a2200205Mi 4500
=008  \\\\\\s1907\\\\xx\\\\\\\\\\\\000\0\\\\\d
=040  \\$aFDA$beng$cFDA
=035  \\$a(FSUSCA)Horward_Row_2_Section_6_922
=049  \\$lHorward_Row_2_Section_6_922
=100  1\$aGleig, R.
=245  14$aThe Story of the Battle of Waterloo /$cRev. R. Gleig
=264  \1$a[Place of publication not identified] :$bJohn Murray,$c1907
=300  \\$avolume
=336  \\$atext$btxt$2rdacontent
=337  \\$aunmediated$bn$2rdamedia
=338  \\$avolume$bnc$2rdacarrier
=500  \\$aTitle on spreadsheet: "The Story of the Battle of Waterloo."
=932  2\$aHorward Collection$9LOCAL
=936  1\$aHorward, Donald D.,$edonor$9LOCAL
=949  \\$aFTaSU$bFSUSP$cREVIEW$9LOCAL

