=LDR  00734nam a2200205Mi 4500
=008  \\\\\\s1964\\\\xx\\\\\\\\\\\\000\0\\\\\d
=040  \\$aFDA$beng$cFDA
=035  \\$a(FSUSCA)Horward_Row_2_Section_10_1711
=049  \\$lHorward_Row_2_Section_10_1711
=100  1\$aVansittart, Jane
=245  10$aSurgeon James's Journal, 1815 /$cJane Vansittart
=264  \1$a[Place of publication not identified] :$bCassell and Co.,$c1964
=300  \\$avolume
=336  \\$atext$btxt$2rdacontent
=337  \\$aunmediated$bn$2rdamedia
=338  \\$avolume$bnc$2rdacarrier
=500  \\$aTitle on spreadsheet: "Surgeon James's Journal: 1815."
=932  2\$aHorward Collection$9LOCAL
=936  1\$aHorward, Donald D.,$edonor$9LOCAL
=949  \\$aFTaSU$bFSUSP$cREVIEW$9LOCAL

