=LDR  00757nam a2200205Mi 4500
=008  \\\\\\s1904\\\\xx\\\\\\\\\\\\000\0\\\\\d
=040  \\$aFDA$beng$cFDA
=035  \\$a(FSUSCA)Horward_Row_2_Section_6_1047
=049  \\$lHorward_Row_2_Section_6_1047
=100  1\$aMaitland, Frederick Lewis
=245  14$aThe Surrender of Napoleon /$cSir Frederick Lewis Maitland
=264  \1$a[Place of publication not identified] :$bWilliam Blackwood and Sons,$c1904
=300  \\$avolume
=336  \\$atext$btxt$2rdacontent
=337  \\$aunmediated$bn$2rdamedia
=338  \\$avolume$bnc$2rdacarrier
=500  \\$aTitle on spreadsheet: "The Surrender of Napoleon."
=932  2\$aHorward Collection$9LOCAL
=936  1\$aHorward, Donald D.,$edonor$9LOCAL
=949  \\$aFTaSU$bFSUSP$cREVIEW$9LOCAL

