=LDR  00905nam a2200229Mi 4500
=008  \\\\\\s1928\\\\xx\\\\\\\\\\\\000\0\\\\\d
=040  \\$aFDA$beng$cFDA
=035  \\$a(FSUSCA)Horward_Row_4_Section_7_2363
=049  \\$lHorward_Row_4_Section_7_2363
=100  1\$aBaedeker, Karl
=245  10$aSwitzerland, Together With Chamonix and the Italian Lakes /$cKarl Baedeker
=250  \\$aTwenty-Seventh
=264  \1$a[Place of publication not identified] :$bKarl Baedeker, George Allen and Unwin, Charles Scriber's Sons,$c1928
=300  \\$avolume
=336  \\$atext$btxt$2rdacontent
=337  \\$aunmediated$bn$2rdamedia
=338  \\$avolume$bnc$2rdacarrier
=500  \\$aTitle on spreadsheet: "Switzerland: Together With Chamonix and the Italian Lakes."
=500  \\$aIntroduction pages unbound.
=932  2\$aHorward Collection$9LOCAL
=936  1\$aHorward, Donald D.,$edonor$9LOCAL
=949  \\$aFTaSU$bFSUSP$cREVIEW$9LOCAL

