=LDR  00757nam a2200205Mi 4500
=008  \\\\\\s1988\\\\xx\\\\\\\\\\\\000\0\\\\\d
=040  \\$aFDA$beng$cFDA
=035  \\$a(FSUSCA)Horward_Row_2_Section_9_1591
=049  \\$lHorward_Row_2_Section_9_1591
=100  1\$aElting, John R.
=245  10$aSwords Around a Throne Napoleon's Grand Armee /$cJohn R. Elting
=264  \1$a[Place of publication not identified] :$bFree Press,$c1988
=300  \\$avolume
=336  \\$atext$btxt$2rdacontent
=337  \\$aunmediated$bn$2rdamedia
=338  \\$avolume$bnc$2rdacarrier
=500  \\$aTitle on spreadsheet: "Swords Around a Throne Napoleon's Grand Armee."
=932  2\$aHorward Collection$9LOCAL
=936  1\$aHorward, Donald D.,$edonor$9LOCAL
=949  \\$aFTaSU$bFSUSP$cREVIEW$9LOCAL

