=LDR  00734nam a2200205Mi 4500
=008  \\\\\\s1966\\\\xx\\\\\\\\\\\\000\0\\\\\d
=040  \\$aFDA$beng$cFDA
=035  \\$a(FSUSCA)Horward_Row_2_Section_7_1106
=049  \\$lHorward_Row_2_Section_7_1106
=100  1\$aDe Bernardy, Frachoise
=245  10$aTalleyrand's Last Duchess /$cFrachoise De Bernardy
=264  \1$a[Place of publication not identified] :$bStein and Day,$c1966
=300  \\$avolume
=336  \\$atext$btxt$2rdacontent
=337  \\$aunmediated$bn$2rdamedia
=338  \\$avolume$bnc$2rdacarrier
=500  \\$aTitle on spreadsheet: "Talleyrand's Last Duchess."
=932  2\$aHorward Collection$9LOCAL
=936  1\$aHorward, Donald D.,$edonor$9LOCAL
=949  \\$aFTaSU$bFSUSP$cREVIEW$9LOCAL

