=LDR  00815nam a2200205Mi 4500
=008  \\\\\\s1990\\\\xx\\\\\\\\\\\\000\0\\\\\d
=040  \\$aFDA$beng$cFDA
=035  \\$a(FSUSCA)Horward_Row_2_Section_8_1263
=049  \\$lHorward_Row_2_Section_8_1263
=100  1\$aGuy, Alan J.
=245  10$aTe Roadd to Waterloo, The British Army and the Struggle Against... /$cEdited by Alan J. Guy
=264  \1$a[Place of publication not identified] :$bAlan Sutton Publishing,$c1990
=300  \\$avolume
=336  \\$atext$btxt$2rdacontent
=337  \\$aunmediated$bn$2rdamedia
=338  \\$avolume$bnc$2rdacarrier
=500  \\$aTitle on spreadsheet: "Te Roadd to Waterloo: The British Army and the Struggle Against...."
=932  2\$aHorward Collection$9LOCAL
=936  1\$aHorward, Donald D.,$edonor$9LOCAL
=949  \\$aFTaSU$bFSUSP$cREVIEW$9LOCAL

