=LDR  00803nam a2200205Mi 4500
=008  \\\\\\s1897\\\\xx\\\\\\\\\\\\000\0\\\\\d
=040  \\$aFDA$beng$cFDA
=035  \\$a(FSUSCA)Horward_Row_2_Section_11_2012
=049  \\$lHorward_Row_2_Section_11_2012
=100  1\$aCarlyle, Thomas
=245  10$aThomas Carlyle on Heroes, Hero-Worship and the Heroic in History /$cThomas Carlyle
=264  \1$a[Place of publication not identified] :$bChapman and Hall,$c1897
=300  \\$avolume
=336  \\$atext$btxt$2rdacontent
=337  \\$aunmediated$bn$2rdamedia
=338  \\$avolume$bnc$2rdacarrier
=500  \\$aTitle on spreadsheet: "Thomas Carlyle on Heroes, Hero-Worship and the Heroic in History."
=932  2\$aHorward Collection$9LOCAL
=936  1\$aHorward, Donald D.,$edonor$9LOCAL
=949  \\$aFTaSU$bFSUSP$cREVIEW$9LOCAL

