=LDR  00804nam a2200229Mi 4500
=008  \\\\\\s1938\\\\xx\\\\\\\\\\\\000\0\\\\\d
=040  \\$aFDA$beng$cFDA
=035  \\$a(FSUSCA)Horward_Row_2_Section_3_375
=049  \\$lHorward_Row_2_Section_3_375
=100  1\$aPardee, M.A.
=245  10$aThomas Paine, 1737-1809 /$cM.A. Pardee
=264  \1$a[Place of publication not identified] :$bTous Drois Reserves,$c1938
=300  \\$avolume
=336  \\$atext$btxt$2rdacontent
=337  \\$aunmediated$bn$2rdamedia
=338  \\$avolume$bnc$2rdacarrier
=500  \\$aTitle on spreadsheet: "Thomas Paine, 1737-1809."
=500  \\$aMay contain custom binding.
=500  \\$aContains envelope with notes.
=932  2\$aHorward Collection$9LOCAL
=936  1\$aHorward, Donald D.,$edonor$9LOCAL
=949  \\$aFTaSU$bFSUSP$cREVIEW$9LOCAL

