=LDR  00738nam a2200205Mi 4500
=008  \\\\\\s2003\\\\xx\\\\\\\\\\\\000\0\\\\\d
=040  \\$aFDA$beng$cFDA
=035  \\$a(FSUSCA)Horward_Row_4_Section_6_2208
=049  \\$lHorward_Row_4_Section_6_2208
=100  1\$aRobert, T. Gannett Jr.
=245  10$aTocqueville Unveiled /$cRobert T. Gannett Jr.
=264  \1$a[Place of publication not identified] :$bUniversity of Chicago Press,$c2003
=300  \\$avolume
=336  \\$atext$btxt$2rdacontent
=337  \\$aunmediated$bn$2rdamedia
=338  \\$avolume$bnc$2rdacarrier
=500  \\$aTitle on spreadsheet: "Tocqueville Unveiled."
=932  2\$aHorward Collection$9LOCAL
=936  1\$aHorward, Donald D.,$edonor$9LOCAL
=949  \\$aFTaSU$bFSUSP$cREVIEW$9LOCAL

