=LDR  00789nam a2200217Mi 4500
=008  \\\\\\s1935\\\\xx\\\\\\\\\\\\000\0\\\\\d
=040  \\$aFDA$beng$cFDA
=035  \\$a(FSUSCA)Horward_Row_2_Section_11_1861
=049  \\$lHorward_Row_2_Section_11_1861
=100  1\$aGoncalves, Artur
=245  10$aTorres Novas, Subsidos para a sua Historia /$cArtur Goncalves
=264  \1$a[Place of publication not identified] :$bTorres Novas,$c1935
=300  \\$avolume
=336  \\$atext$btxt$2rdacontent
=337  \\$aunmediated$bn$2rdamedia
=338  \\$avolume$bnc$2rdacarrier
=500  \\$aTitle on spreadsheet: "Torres Novas: Subsidos para a sua Historia."
=500  \\$aLoose ephemera.
=932  2\$aHorward Collection$9LOCAL
=936  1\$aHorward, Donald D.,$edonor$9LOCAL
=949  \\$aFTaSU$bFSUSP$cREVIEW$9LOCAL

