=LDR  00787nam a2200217Mi 4500
=008  \\\\\\s1973\\\\xx\\\\\\\\\\\\000\0\\\\\d
=040  \\$aFDA$beng$cFDA
=035  \\$a(FSUSCA)Horward_Row_2_Section_10_1713
=049  \\$lHorward_Row_2_Section_10_1713
=100  1\$aGottschalk, Louis
=245  10$aToward the French Revolution /$cLouis Gottschalk and Donald Lach
=264  \1$a[Place of publication not identified] :$bCharles Scribner's Sons,$c1973
=300  \\$avolume
=336  \\$atext$btxt$2rdacontent
=337  \\$aunmediated$bn$2rdamedia
=338  \\$avolume$bnc$2rdacarrier
=500  \\$aTitle on spreadsheet: "Toward the French Revolution."
=700  1\$aLach, Donald
=932  2\$aHorward Collection$9LOCAL
=936  1\$aHorward, Donald D.,$edonor$9LOCAL
=949  \\$aFTaSU$bFSUSP$cREVIEW$9LOCAL

