=LDR  00802nam a2200205Mi 4500
=008  \\\\\\s1966\\\\xx\\\\\\\\\\\\000\0\\\\\d
=040  \\$aFDA$beng$cFDA
=035  \\$a(FSUSCA)Horward_Row_2_Section_8_1410
=049  \\$lHorward_Row_2_Section_8_1410
=100  1\$aLegg, Stuart
=245  10$aTrafalgar, An Eye Witness Account of a Great Battle /$cassembled and edited by Stuart Legg
=264  \1$a[Place of publication not identified] :$bWestern Printing Services,$c1966
=300  \\$avolume
=336  \\$atext$btxt$2rdacontent
=337  \\$aunmediated$bn$2rdamedia
=338  \\$avolume$bnc$2rdacarrier
=500  \\$aTitle on spreadsheet: "Trafalgar: An Eye Witness Account of a Great Battle."
=932  2\$aHorward Collection$9LOCAL
=936  1\$aHorward, Donald D.,$edonor$9LOCAL
=949  \\$aFTaSU$bFSUSP$cREVIEW$9LOCAL

