=LDR  00809nam a2200217Mi 4500
=008  \\\\\\suuuu\\\\xx\\\\\\\\\\\\000\0\\\\\d
=040  \\$aFDA$beng$cFDA
=035  \\$a(FSUSCA)Horward_Row_2_Section_4_630
=049  \\$lHorward_Row_2_Section_4_630
=100  1\$aTaylor, I. A.
=245  14$aThe Tragedy of an Army La Vendee in 1793 /$cI. A. Taylor
=250  \\$aNew Edition
=264  \1$a[Place of publication not identified] :$bHutchinson and Co.,$c[date of publication not identified]
=300  \\$avolume
=336  \\$atext$btxt$2rdacontent
=337  \\$aunmediated$bn$2rdamedia
=338  \\$avolume$bnc$2rdacarrier
=500  \\$aTitle on spreadsheet: "The Tragedy of an Army La Vendee in 1793."
=932  2\$aHorward Collection$9LOCAL
=936  1\$aHorward, Donald D.,$edonor$9LOCAL
=949  \\$aFTaSU$bFSUSP$cREVIEW$9LOCAL

