=LDR  00788nam a2200205Mi 4500
=008  \\\\\\s1965\\\\xx\\\\\\\\\\\\000\0\\\\\d
=040  \\$aFDA$beng$cFDA
=035  \\$a(FSUSCA)Horward_Row_4_Section_7_2518
=049  \\$lHorward_Row_4_Section_7_2518
=100  1\$aChandler, David
=245  10$aTraveller's Guide to the Battlefields of Europe.$nVol. I /$cDavid Chandler
=264  \1$a[Place of publication not identified] :$bHugh Evelyn London,$c1965
=300  \\$avolume
=336  \\$atext$btxt$2rdacontent
=337  \\$aunmediated$bn$2rdamedia
=338  \\$avolume$bnc$2rdacarrier
=500  \\$aTitle on spreadsheet: "A Traveller's Guide to the Battlefields of Europe, Vol. I."
=932  2\$aHorward Collection$9LOCAL
=936  1\$aHorward, Donald D.,$edonor$9LOCAL
=949  \\$aFTaSU$bFSUSP$cREVIEW$9LOCAL

