=LDR  00749nam a2200205Mi 4500
=008  \\\\\\s2005\\\\xx\\\\\\\\\\\\000\0\\\\\d
=040  \\$aFDA$beng$cFDA
=035  \\$a(FSUSCA)Horward_Row_4_Section_7_2349
=049  \\$lHorward_Row_4_Section_7_2349
=110  2\$aMusee Jacquemart-Andre
=245  10$aTresors de la Fondation Napoleon /$cMusee Jacquemart-Andre
=264  \1$a[Place of publication not identified] :$bNouveau Monde,$c2005
=300  \\$avolume
=336  \\$atext$btxt$2rdacontent
=337  \\$aunmediated$bn$2rdamedia
=338  \\$avolume$bnc$2rdacarrier
=500  \\$aTitle on spreadsheet: "Tresors de la Fondation Napoleon."
=932  2\$aHorward Collection$9LOCAL
=936  1\$aHorward, Donald D.,$edonor$9LOCAL
=949  \\$aFTaSU$bFSUSP$cREVIEW$9LOCAL

