=LDR  00772nam a2200205Mi 4500
=008  \\\\\\s1957\\\\xx\\\\\\\\\\\\000\0\\\\\d
=040  \\$aFDA$beng$cFDA
=035  \\$a(FSUSCA)Horward_Row_2_Section_11_1838
=049  \\$lHorward_Row_2_Section_11_1838
=100  1\$aKurtz, Harold
=245  14$aThe Trial of Marshall Ney, His Last Years and Death /$cHarold Kurtz
=264  \1$a[Place of publication not identified] :$bAlfred A. Knopf,$c1957
=300  \\$avolume
=336  \\$atext$btxt$2rdacontent
=337  \\$aunmediated$bn$2rdamedia
=338  \\$avolume$bnc$2rdacarrier
=500  \\$aTitle on spreadsheet: "The Trial of Marshall Ney: His Last Years and Death."
=932  2\$aHorward Collection$9LOCAL
=936  1\$aHorward, Donald D.,$edonor$9LOCAL
=949  \\$aFTaSU$bFSUSP$cREVIEW$9LOCAL

