=LDR  00753nam a2200205Mi 4500
=008  \\\\\\s1973\\\\xx\\\\\\\\\\\\000\0\\\\\d
=040  \\$aFDA$beng$cFDA
=035  \\$a(FSUSCA)Horward_Row_2_Section_11_1919
=049  \\$lHorward_Row_2_Section_11_1919
=100  1\$aSurtees, William
=245  10$aTwenty-Five Years in The Rifle Brigade /$cWilliam Surtees
=264  \1$a[Place of publication not identified] :$bFrederick Muller,$c1973
=300  \\$avolume
=336  \\$atext$btxt$2rdacontent
=337  \\$aunmediated$bn$2rdamedia
=338  \\$avolume$bnc$2rdacarrier
=500  \\$aTitle on spreadsheet: "Twenty-Five Years in The Rifle Brigade."
=932  2\$aHorward Collection$9LOCAL
=936  1\$aHorward, Donald D.,$edonor$9LOCAL
=949  \\$aFTaSU$bFSUSP$cREVIEW$9LOCAL

