=LDR  00742nam a2200217Mi 4500
=008  \\\\\\s1962\\\\xx\\\\\\\\\\\\000\0\\\\\d
=040  \\$aFDA$beng$cFDA
=035  \\$a(FSUSCA)Horward_Row_2_Section_2_253
=049  \\$lHorward_Row_2_Section_2_253
=100  1\$aThiry, Jean
=245  10$aUlm Trafalgar Austerlitz /$cJean Thiry
=264  \1$a[Place of publication not identified] :$bBerger-Levrault,$c1962
=300  \\$avolume
=336  \\$atext$btxt$2rdacontent
=337  \\$aunmediated$bn$2rdamedia
=338  \\$avolume$bnc$2rdacarrier
=500  \\$aTitle on spreadsheet: "Ulm Trafalgar Austerlitz."
=500  \\$aCustom binding.
=932  2\$aHorward Collection$9LOCAL
=936  1\$aHorward, Donald D.,$edonor$9LOCAL
=949  \\$aFTaSU$bFSUSP$cREVIEW$9LOCAL

