=LDR  00828nam a2200205Mi 4500
=008  \\\\\\suuuu\\\\xx\\\\\\\\\\\\000\0\\\\\d
=040  \\$aFDA$beng$cFDA
=035  \\$a(FSUSCA)Horward_Row_4_Section_7_2390
=049  \\$lHorward_Row_4_Section_7_2390
=100  1\$aDaudet, Ernest
=245  10$aUna Vie D'Ambassadrice Au Siecle Dernier La Princesse de Lieven /$cErnest Daudet
=264  \1$a[Place of publication not identified] :$bPlon et Nourrit,$c[date of publication not identified]
=300  \\$avolume
=336  \\$atext$btxt$2rdacontent
=337  \\$aunmediated$bn$2rdamedia
=338  \\$avolume$bnc$2rdacarrier
=500  \\$aTitle on spreadsheet: "Una Vie D'Ambassadrice Au Siecle Dernier La Princesse de Lieven."
=932  2\$aHorward Collection$9LOCAL
=936  1\$aHorward, Donald D.,$edonor$9LOCAL
=949  \\$aFTaSU$bFSUSP$cREVIEW$9LOCAL

