=LDR  00769nam a2200217Mi 4500
=008  \\\\\\s2012\\\\xx\\\\\\\\\\\\000\0\\\\\d
=040  \\$aFDA$beng$cFDA
=035  \\$a(FSUSCA)Horward_Row_2_Section_10_1754
=049  \\$lHorward_Row_2_Section_10_1754
=100  1\$aBonura, Michael A.
=245  10$aUnder the Shadow of Napoleon /$cMichael A. Bonura
=264  \1$a[Place of publication not identified] :$bNYU Press,$c2012
=300  \\$avolume
=336  \\$atext$btxt$2rdacontent
=337  \\$aunmediated$bn$2rdamedia
=338  \\$avolume$bnc$2rdacarrier
=500  \\$aTitle on spreadsheet: "Under the Shadow of Napoleon."
=500  \\$aLetter from NYU Press.
=932  2\$aHorward Collection$9LOCAL
=936  1\$aHorward, Donald D.,$edonor$9LOCAL
=949  \\$aFTaSU$bFSUSP$cREVIEW$9LOCAL

