=LDR  00883nam a2200217Mi 4500
=008  \\\\\\s1906\\\\xx\\\\\\\\\\\\000\0\\\\\d
=040  \\$aFDA$beng$cFDA
=035  \\$a(FSUSCA)Horward_Row_2_Section_2_275
=049  \\$lHorward_Row_2_Section_2_275
=100  1\$aBiron, Armand-Louis de Gontaut
=245  10$aUn Duc et Pair au Service de la Revolution. Le Duc de Lauzun (General Biron) /$cBiron, Armand-Louis de Gontaut
=264  \1$a[Place of publication not identified] :$bPerrin et Cie,$c1906
=300  \\$avolume
=336  \\$atext$btxt$2rdacontent
=337  \\$aunmediated$bn$2rdamedia
=338  \\$avolume$bnc$2rdacarrier
=500  \\$aTitle on spreadsheet: "Un Duc et Pair au Service de la Revolution. Le Duc de Lauzun (General Biron)."
=500  \\$aCustom binding.
=932  2\$aHorward Collection$9LOCAL
=936  1\$aHorward, Donald D.,$edonor$9LOCAL
=949  \\$aFTaSU$bFSUSP$cREVIEW$9LOCAL

