=LDR  00758nam a2200217Mi 4500
=008  \\\\\\s1909\\\\xx\\\\\\\\\\\\000\0\\\\\d
=040  \\$aFDA$beng$cFDA
=035  \\$a(FSUSCA)Horward_Row_2_Section_2_363
=049  \\$lHorward_Row_2_Section_2_363
=100  1\$aMarquiset, Alfred
=245  10$aUne Merveilleuse 1776-1851 /$cAlfred Marquiset
=264  \1$a[Place of publication not identified] :$bHonore Champion,$c1909
=300  \\$avolume
=336  \\$atext$btxt$2rdacontent
=337  \\$aunmediated$bn$2rdamedia
=338  \\$avolume$bnc$2rdacarrier
=500  \\$aTitle on spreadsheet: "Une Merveilleuse 1776-1851."
=500  \\$aCustom binding.
=932  2\$aHorward Collection$9LOCAL
=936  1\$aHorward, Donald D.,$edonor$9LOCAL
=949  \\$aFTaSU$bFSUSP$cREVIEW$9LOCAL

