=LDR  00790nam a2200229Mi 4500
=008  \\\\\\s1947\\\\xx\\\\\\\\\\\\000\0\\\\\d
=040  \\$aFDA$beng$cFDA
=035  \\$a(FSUSCA)Horward_Row_4_Section_8_2606
=049  \\$lHorward_Row_4_Section_8_2606
=100  1\$aManney
=245  10$aUn Homme Du People sous la Revolution /$cManney and Vailland
=264  \1$a[Place of publication not identified] :$bCorrea,$c1947
=300  \\$avolume
=336  \\$atext$btxt$2rdacontent
=337  \\$aunmediated$bn$2rdamedia
=338  \\$avolume$bnc$2rdacarrier
=500  \\$aTitle on spreadsheet: "Un Homme Du People sous la Revolution."
=500  \\$aCustom binding.
=700  1\$aVailland
=932  2\$aHorward Collection$9LOCAL
=936  1\$aHorward, Donald D.,$edonor$9LOCAL
=949  \\$aFTaSU$bFSUSP$cREVIEW$9LOCAL

