=LDR  00872nam a2200217Mi 4500
=008  \\\\\\s1973\\\\xx\\\\\\\\\\\\000\0\\\\\d
=040  \\$aFDA$beng$cFDA
=035  \\$a(FSUSCA)Horward_Row_2_Section_2_336
=049  \\$lHorward_Row_2_Section_2_336
=100  1\$aMaspero-Clerc, Helene
=245  10$aUn Journaliste Contre-Revolutionnaire Jean-Gabriel Peltier (1760-1825) /$cHelene Maspero-Clerc
=264  \1$a[Place of publication not identified] :$bSociete des Etudes Robespieristes,$c1973
=300  \\$avolume
=336  \\$atext$btxt$2rdacontent
=337  \\$aunmediated$bn$2rdamedia
=338  \\$avolume$bnc$2rdacarrier
=500  \\$aTitle on spreadsheet: "Un Journaliste Contre-Revolutionnaire Jean-Gabriel Peltier (1760-1825)."
=500  \\$aCustom binding.
=932  2\$aHorward Collection$9LOCAL
=936  1\$aHorward, Donald D.,$edonor$9LOCAL
=949  \\$aFTaSU$bFSUSP$cREVIEW$9LOCAL

