=LDR  00863nam a2200217Mi 4500
=008  \\\\\\s1965\\\\xx\\\\\\\\\\\\000\0\\\\\d
=040  \\$aFDA$beng$cFDA
=035  \\$a(FSUSCA)Horward_Row_2_Section_6_907
=049  \\$lHorward_Row_2_Section_6_907
=100  1\$ade Pange, Victor
=245  14$aThe Unpublished Correspondence of Madame de Stael and the Duke of Wellington /$cVictor de Pange and Harold Kurtz
=264  \1$a[Place of publication not identified] :$bCassell,$c1965
=300  \\$avolume
=336  \\$atext$btxt$2rdacontent
=337  \\$aunmediated$bn$2rdamedia
=338  \\$avolume$bnc$2rdacarrier
=500  \\$aTitle on spreadsheet: "The Unpublished Correspondence of Madame de Stael and the Duke of Wellington."
=700  1\$aKurtz, Harold
=932  2\$aHorward Collection$9LOCAL
=936  1\$aHorward, Donald D.,$edonor$9LOCAL
=949  \\$aFTaSU$bFSUSP$cREVIEW$9LOCAL

