=LDR  00761nam a2200205Mi 4500
=008  \\\\\\s1935\\\\xx\\\\\\\\\\\\000\0\\\\\d
=040  \\$aFDA$beng$cFDA
=035  \\$a(FSUSCA)Horward_Row_2_Section_10_1703
=049  \\$lHorward_Row_2_Section_10_1703
=100  1\$aGiardini, Cesare
=245  10$aVarennes, The Flight of Louis XVI (1791) /$cCesare Giardini
=264  \1$a[Place of publication not identified] :$bThornton Butterworth,$c1935
=300  \\$avolume
=336  \\$atext$btxt$2rdacontent
=337  \\$aunmediated$bn$2rdamedia
=338  \\$avolume$bnc$2rdacarrier
=500  \\$aTitle on spreadsheet: "Varennes: The Flight of Louis XVI (1791)."
=932  2\$aHorward Collection$9LOCAL
=936  1\$aHorward, Donald D.,$edonor$9LOCAL
=949  \\$aFTaSU$bFSUSP$cREVIEW$9LOCAL

