=LDR  00726nam a2200217Mi 4500
=008  \\\\\\s1976\\\\xx\\\\\\\\\\\\000\0\\\\\d
=040  \\$aFDA$beng$cFDA
=035  \\$a(FSUSCA)Horward_Row_2_Section_10_1811
=049  \\$lHorward_Row_2_Section_10_1811
=100  1\$aTilly, Charles
=245  14$aThe Vendee /$cCharles Tilly
=264  \1$a[Place of publication not identified] :$bHarvard University Press,$c1976
=300  \\$avolume
=336  \\$atext$btxt$2rdacontent
=337  \\$aunmediated$bn$2rdamedia
=338  \\$avolume$bnc$2rdacarrier
=500  \\$aTitle on spreadsheet: "The Vendee."
=500  \\$aInvoice.
=932  2\$aHorward Collection$9LOCAL
=936  1\$aHorward, Donald D.,$edonor$9LOCAL
=949  \\$aFTaSU$bFSUSP$cREVIEW$9LOCAL

