=LDR  00738nam a2200205Mi 4500
=008  \\\\\\s1958\\\\xx\\\\\\\\\\\\000\0\\\\\d
=040  \\$aFDA$beng$cFDA
=035  \\$a(FSUSCA)Horward_Row_2_Section_9_1480
=049  \\$lHorward_Row_2_Section_9_1480
=100  1\$aWarner, Oliver
=245  10$aVictory The Life of Lord Nelson /$cOliver Warner
=264  \1$a[Place of publication not identified] :$bAtlantic Little Brown,$c1958
=300  \\$avolume
=336  \\$atext$btxt$2rdacontent
=337  \\$aunmediated$bn$2rdamedia
=338  \\$avolume$bnc$2rdacarrier
=500  \\$aTitle on spreadsheet: "Victory The Life of Lord Nelson."
=932  2\$aHorward Collection$9LOCAL
=936  1\$aHorward, Donald D.,$edonor$9LOCAL
=949  \\$aFTaSU$bFSUSP$cREVIEW$9LOCAL

