=LDR  00763nam a2200229Mi 4500
=008  \\\\\\s1888\\\\xx\\\\\\\\\\\\000\0\\\\\d
=040  \\$aFDA$beng$cFDA
=035  \\$a(FSUSCA)Horward_Row_4_Section_8_2641
=049  \\$lHorward_Row_4_Section_8_2641
=100  1\$aDutemple
=245  10$aVie du General Hoche /$cDutemple and Launay
=264  \1$a[Place of publication not identified] :$bCharles Bayle,$c1888
=300  \\$avolume
=336  \\$atext$btxt$2rdacontent
=337  \\$aunmediated$bn$2rdamedia
=338  \\$avolume$bnc$2rdacarrier
=500  \\$aTitle on spreadsheet: "Vie du General Hoche."
=500  \\$aCustom binding.
=700  1\$aLaunay
=932  2\$aHorward Collection$9LOCAL
=936  1\$aHorward, Donald D.,$edonor$9LOCAL
=949  \\$aFTaSU$bFSUSP$cREVIEW$9LOCAL

