=LDR  00779nam a2200217Mi 4500
=008  \\\\\\s1856\\\\xx\\\\\\\\\\\\000\0\\\\\d
=040  \\$aFDA$beng$cFDA
=035  \\$a(FSUSCA)Horward_Row_2_Section_2_263
=049  \\$lHorward_Row_2_Section_2_263
=100  1\$ade Verno, Gay
=245  10$aVie du Marechal Gouvon Saint-Syr /$cGay de Verno
=264  \1$a[Place of publication not identified] :$bLibrairie de Firmin Didot Freres,$c1856
=300  \\$avolume
=336  \\$atext$btxt$2rdacontent
=337  \\$aunmediated$bn$2rdamedia
=338  \\$avolume$bnc$2rdacarrier
=500  \\$aTitle on spreadsheet: "Vie du Marechal Gouvon Saint-Syr."
=500  \\$aCustom binding.
=932  2\$aHorward Collection$9LOCAL
=936  1\$aHorward, Donald D.,$edonor$9LOCAL
=949  \\$aFTaSU$bFSUSP$cREVIEW$9LOCAL

