=LDR  00786nam a2200217Mi 4500
=008  \\\\\\s1930\\\\xx\\\\\\\\\\\\000\0\\\\\d
=040  \\$aFDA$beng$cFDA
=035  \\$a(FSUSCA)Horward_Row_2_Section_5_858
=049  \\$lHorward_Row_2_Section_5_858
=100  1\$aLenotre, G.
=245  10$aVieilles maisons, vieux papiers.$n6th series /$cG. Lenotre
=264  \1$a[Place of publication not identified] :$bPerrin et cie Libraires-Editeurs,$c1930
=300  \\$avolume
=336  \\$atext$btxt$2rdacontent
=337  \\$aunmediated$bn$2rdamedia
=338  \\$avolume$bnc$2rdacarrier
=500  \\$aTitle on spreadsheet: "Vieilles maisons, vieux papiers."
=500  \\$aCustom binding.
=932  2\$aHorward Collection$9LOCAL
=936  1\$aHorward, Donald D.,$edonor$9LOCAL
=949  \\$aFTaSU$bFSUSP$cREVIEW$9LOCAL

