=LDR  00779nam a2200229Mi 4500
=008  \\\\\\s1924\\\\xx\\\\\\\\\\\\000\0\\\\\d
=040  \\$aFDA$beng$cFDA
=035  \\$a(FSUSCA)Horward_Row_4_Section_6_2213
=049  \\$lHorward_Row_4_Section_6_2213
=100  1\$aLenotre, G.
=245  10$aVieilles Maisons, Vieux Papiers /$cG. Lenotre
=250  \\$aSecond
=264  \1$a[Place of publication not identified] :$bPerrin et Cie,$c1924
=300  \\$avolume
=336  \\$atext$btxt$2rdacontent
=337  \\$aunmediated$bn$2rdamedia
=338  \\$avolume$bnc$2rdacarrier
=500  \\$aTitle on spreadsheet: "Vieilles Maisons, Vieux Papiers."
=500  \\$aCustom binding.
=932  2\$aHorward Collection$9LOCAL
=936  1\$aHorward, Donald D.,$edonor$9LOCAL
=949  \\$aFTaSU$bFSUSP$cREVIEW$9LOCAL

