=LDR  00741nam a2200205Mi 4500
=008  \\\\\\s1900\\\\xx\\\\\\\\\\\\000\0\\\\\d
=040  \\$aFDA$beng$cFDA
=035  \\$a(FSUSCA)Horward_Row_2_Section_7_1129
=049  \\$lHorward_Row_2_Section_7_1129
=100  1\$aGirod de l'Ain, Maurice
=245  10$aVie Militaire Du General Foy /$cMaurice Girod de l'Ain
=264  \1$a[Place of publication not identified] :$bLibrary Plon,$c1900
=300  \\$avolume
=336  \\$atext$btxt$2rdacontent
=337  \\$aunmediated$bn$2rdamedia
=338  \\$avolume$bnc$2rdacarrier
=500  \\$aTitle on spreadsheet: "Vie Militaire Du General Foy."
=932  2\$aHorward Collection$9LOCAL
=936  1\$aHorward, Donald D.,$edonor$9LOCAL
=949  \\$aFTaSU$bFSUSP$cREVIEW$9LOCAL

