=LDR  00885nam a2200205Mi 4500
=008  \\\\\\s1995\\\\xx\\\\\\\\\\\\000\0\\\\\d
=040  \\$aFDA$beng$cFDA
=035  \\$a(FSUSCA)Horward_Row_4_Section_5_2115
=049  \\$lHorward_Row_4_Section_5_2115
=100  1\$aHerzog, Richard Thorburn
=245  10$aViolence, Change, and Politics...The Campaign of 1813 in Spain and The Siege of San Sebastian /$cRichard Thorburn Herzog
=264  \1$a[Place of publication not identified] :$bFlorida State University,$c1995
=300  \\$avolume
=336  \\$atext$btxt$2rdacontent
=337  \\$aunmediated$bn$2rdamedia
=338  \\$avolume$bnc$2rdacarrier
=500  \\$aTitle on spreadsheet: "Violence, Change, and Politics...The Campaign of 1813 in Spain and The Siege of San Sebastian."
=932  2\$aHorward Collection$9LOCAL
=936  1\$aHorward, Donald D.,$edonor$9LOCAL
=949  \\$aFTaSU$bFSUSP$cREVIEW$9LOCAL

