=LDR  00790nam a2200217Mi 4500
=008  \\\\\\s1949\\\\xx\\\\\\\\\\\\000\0\\\\\d
=040  \\$aFDA$beng$cFDA
=035  \\$a(FSUSCA)Horward_Row_2_Section_3_435
=049  \\$lHorward_Row_2_Section_3_435
=100  1\$aCouchoud, P. L.
=245  10$aVoix de Napoleon, Paroles Authentiques /$cP. L. Couchoud
=264  \1$a[Place of publication not identified] :$bEditions du Milieu du Monde,$c1949
=300  \\$avolume
=336  \\$atext$btxt$2rdacontent
=337  \\$aunmediated$bn$2rdamedia
=338  \\$avolume$bnc$2rdacarrier
=500  \\$aTitle on spreadsheet: "Voix de Napoleon: Paroles Authentiques."
=500  \\$aCustom binding.
=932  2\$aHorward Collection$9LOCAL
=936  1\$aHorward, Donald D.,$edonor$9LOCAL
=949  \\$aFTaSU$bFSUSP$cREVIEW$9LOCAL

