=LDR  00706nam a2200217Mi 4500
=008  \\\\\\s1902\\\\xx\\\\\\\\\\\\000\0\\\\\d
=040  \\$aFDA$beng$cFDA
=035  \\$a(FSUSCA)Horward_Row_2_Section_7_1167
=049  \\$lHorward_Row_2_Section_7_1167
=100  1\$aWartenburg
=245  10$aVol 2.$nVol 2 /$cWartenburg
=264  \1$a[Place of publication not identified] :$bMajor Walter James,$c1902
=300  \\$avolume
=336  \\$atext$btxt$2rdacontent
=337  \\$aunmediated$bn$2rdamedia
=338  \\$avolume$bnc$2rdacarrier
=500  \\$aTitle on spreadsheet: "Vol 2."
=500  \\$aVol 2
=932  2\$aHorward Collection$9LOCAL
=936  1\$aHorward, Donald D.,$edonor$9LOCAL
=949  \\$aFTaSU$bFSUSP$cREVIEW$9LOCAL

