=LDR  00769nam a2200217Mi 4500
=008  \\\\\\s1961\\\\xx\\\\\\\\\\\\000\0\\\\\d
=040  \\$aFDA$beng$cFDA
=035  \\$a(FSUSCA)Horward_Row_2_Section_10_1782
=049  \\$lHorward_Row_2_Section_10_1782
=100  1\$aNixon, Edna
=245  10$aVoltaire and the Calas Case /$cEdna Nixon
=264  \1$a[Place of publication not identified] :$bVanguard Press, Inc.,$c1961
=300  \\$avolume
=336  \\$atext$btxt$2rdacontent
=337  \\$aunmediated$bn$2rdamedia
=338  \\$avolume$bnc$2rdacarrier
=500  \\$aTitle on spreadsheet: "Voltaire and the Calas Case."
=500  \\$aVoltaire and the Calas Case
=932  2\$aHorward Collection$9LOCAL
=936  1\$aHorward, Donald D.,$edonor$9LOCAL
=949  \\$aFTaSU$bFSUSP$cREVIEW$9LOCAL

