=LDR  00822nam a2200217Mi 4500
=008  \\\\\\s2004\\\\xx\\\\\\\\\\\\000\0\\\\\d
=040  \\$aFDA$beng$cFDA
=035  \\$a(FSUSCA)Horward_Row_4_Section_7_2553
=049  \\$lHorward_Row_4_Section_7_2553
=100  1\$aHaig, Diana Reid
=245  10$aWalks Through Napoleon and Josephine's Paris /$cDiana Reid Haig
=264  \1$a[Place of publication not identified] :$bThe Little Bookworm,$c2004
=300  \\$avolume
=336  \\$atext$btxt$2rdacontent
=337  \\$aunmediated$bn$2rdamedia
=338  \\$avolume$bnc$2rdacarrier
=500  \\$aTitle on spreadsheet: "Walks Through Napoleon and Josephine's Paris."
=500  \\$aSigned and sealed envelope from author.
=932  2\$aHorward Collection$9LOCAL
=936  1\$aHorward, Donald D.,$edonor$9LOCAL
=949  \\$aFTaSU$bFSUSP$cREVIEW$9LOCAL

