=LDR  00749nam a2200217Mi 4500
=008  \\\\\\s1894\\\\xx\\\\\\\\\\\\000\0\\\\\d
=040  \\$aFDA$beng$cFDA
=035  \\$a(FSUSCA)Horward_Row_2_Section_6_925
=049  \\$lHorward_Row_2_Section_6_925
=100  1\$aSiborne
=245  14$aThe War Library/ The Waterloo Campaign /$cSiborne
=250  \\$a4th edition
=264  \1$a[Place of publication not identified] :$bArber,$c1894
=300  \\$avolume
=336  \\$atext$btxt$2rdacontent
=337  \\$aunmediated$bn$2rdamedia
=338  \\$avolume$bnc$2rdacarrier
=500  \\$aTitle on spreadsheet: "The War Library/ The Waterloo Campaign."
=932  2\$aHorward Collection$9LOCAL
=936  1\$aHorward, Donald D.,$edonor$9LOCAL
=949  \\$aFTaSU$bFSUSP$cREVIEW$9LOCAL

