=LDR  00808nam a2200205Mi 4500
=008  \\\\\\s1964\\\\xx\\\\\\\\\\\\000\0\\\\\d
=040  \\$aFDA$beng$cFDA
=035  \\$a(FSUSCA)Horward_Row_2_Section_10_1802
=049  \\$lHorward_Row_2_Section_10_1802
=100  1\$aRodger, A. B.
=245  14$aThe War of the Second Coalition, 1798 to 1801. A Strategic Commentary /$cA. B. Rodger
=264  \1$a[Place of publication not identified] :$bClarendon Press,$c1964
=300  \\$avolume
=336  \\$atext$btxt$2rdacontent
=337  \\$aunmediated$bn$2rdamedia
=338  \\$avolume$bnc$2rdacarrier
=500  \\$aTitle on spreadsheet: "The War of the Second Coalition, 1798 to 1801. A Strategic Commentary."
=932  2\$aHorward Collection$9LOCAL
=936  1\$aHorward, Donald D.,$edonor$9LOCAL
=949  \\$aFTaSU$bFSUSP$cREVIEW$9LOCAL

