=LDR  00796nam a2200229Mi 4500
=008  \\\\\\s2008\\\\xx\\\\\\\\\\\\000\0\\\\\d
=040  \\$aFDA$beng$cFDA
=035  \\$a(FSUSCA)Horward_Row_2_Section_10_1785
=049  \\$lHorward_Row_2_Section_10_1785
=100  1\$aFrancheschi, Michel
=245  14$aThe Wars Against Napoleon /$cMichel Francheschi and Ben Weider
=264  \1$a[Place of publication not identified] :$bSavas Beatie,$c2008
=300  \\$avolume
=336  \\$atext$btxt$2rdacontent
=337  \\$aunmediated$bn$2rdamedia
=338  \\$avolume$bnc$2rdacarrier
=500  \\$aTitle on spreadsheet: "The Wars Against Napoleon."
=500  \\$aSigned.
=700  1\$aWeider, Ben
=932  2\$aHorward Collection$9LOCAL
=936  1\$aHorward, Donald D.,$edonor$9LOCAL
=949  \\$aFTaSU$bFSUSP$cREVIEW$9LOCAL

