=LDR  00798nam a2200205Mi 4500
=008  \\\\\\s1974\\\\xx\\\\\\\\\\\\000\0\\\\\d
=040  \\$aFDA$beng$cFDA
=035  \\$a(FSUSCA)Horward_Row_2_Section_10_1700
=049  \\$lHorward_Row_2_Section_10_1700
=110  2\$aThe Caillou Museum
=245  10$aWaterloo, The 18th of June 1815 /$cThe Caillou Museum
=264  \1$a[Place of publication not identified] :$bService for Historic and Folkloric Research of the Province of Brabant,$c1974
=300  \\$avolume
=336  \\$atext$btxt$2rdacontent
=337  \\$aunmediated$bn$2rdamedia
=338  \\$avolume$bnc$2rdacarrier
=500  \\$aTitle on spreadsheet: "Waterloo: The 18th of June 1815."
=932  2\$aHorward Collection$9LOCAL
=936  1\$aHorward, Donald D.,$edonor$9LOCAL
=949  \\$aFTaSU$bFSUSP$cREVIEW$9LOCAL

