=LDR  00786nam a2200205Mi 4500
=008  \\\\\\s1874\\\\xx\\\\\\\\\\\\000\0\\\\\d
=040  \\$aFDA$beng$cFDA
=035  \\$a(FSUSCA)Horward_Row_2_Section_6_896
=049  \\$lHorward_Row_2_Section_6_896
=100  1\$aChesney, Charles C.
=245  10$aWaterloo Lectures, A Study of the Campaign of 1815 /$cCharles C. Chesney
=264  \1$a[Place of publication not identified] :$bLongmans, Green and Co.,$c1874
=300  \\$avolume
=336  \\$atext$btxt$2rdacontent
=337  \\$aunmediated$bn$2rdamedia
=338  \\$avolume$bnc$2rdacarrier
=500  \\$aTitle on spreadsheet: "Waterloo Lectures: A Study of the Campaign of 1815."
=932  2\$aHorward Collection$9LOCAL
=936  1\$aHorward, Donald D.,$edonor$9LOCAL
=949  \\$aFTaSU$bFSUSP$cREVIEW$9LOCAL

