=LDR  00823nam a2200205Mi 4500
=008  \\\\\\s1991\\\\xx\\\\\\\\\\\\000\0\\\\\d
=040  \\$aFDA$beng$cFDA
=035  \\$a(FSUSCA)Horward_Row_2_Section_11_1834
=049  \\$lHorward_Row_2_Section_11_1834
=100  1\$aFletcher, Ian
=245  14$aThe Waters of Oblivion, The British Invasion of the Rio de la Plata 1806-1807 /$cIan Fletcher
=264  \1$a[Place of publication not identified] :$bSpellmount Ltd,$c1991
=300  \\$avolume
=336  \\$atext$btxt$2rdacontent
=337  \\$aunmediated$bn$2rdamedia
=338  \\$avolume$bnc$2rdacarrier
=500  \\$aTitle on spreadsheet: "The Waters of Oblivion: The British Invasion of the Rio de la Plata 1806-1807."
=932  2\$aHorward Collection$9LOCAL
=936  1\$aHorward, Donald D.,$edonor$9LOCAL
=949  \\$aFTaSU$bFSUSP$cREVIEW$9LOCAL

