=LDR  00886nam a2200205Mi 4500
=008  \\\\\\s1946\\\\xx\\\\\\\\\\\\000\0\\\\\d
=040  \\$aFDA$beng$cFDA
=035  \\$a(FSUSCA)Horward_Row_2_Section_8_1349
=049  \\$lHorward_Row_2_Section_8_1349
=100  1\$aAldington, Richard
=245  10$aWellington, Being an account of the Life and Achievements of Arthur Wellesley, 1st Duke of Wellington /$cRichard Aldington
=264  \1$a[Place of publication not identified] :$bWilliam Heinemann Ltd,$c1946
=300  \\$avolume
=336  \\$atext$btxt$2rdacontent
=337  \\$aunmediated$bn$2rdamedia
=338  \\$avolume$bnc$2rdacarrier
=500  \\$aTitle on spreadsheet: "Wellington: Being an account of the Life and Achievements of Arthur Wellesley, 1st Duke of Wellington."
=932  2\$aHorward Collection$9LOCAL
=936  1\$aHorward, Donald D.,$edonor$9LOCAL
=949  \\$aFTaSU$bFSUSP$cREVIEW$9LOCAL

