=LDR  00813nam a2200205Mi 4500
=008  \\\\\\s1925\\\\xx\\\\\\\\\\\\000\0\\\\\d
=040  \\$aFDA$beng$cFDA
=035  \\$a(FSUSCA)Horward_Row_2_Section_11_1976
=049  \\$lHorward_Row_2_Section_11_1976
=100  1\$aBeatson, F. C.
=245  10$aWellington, The Crossing of the Gaves amd the Battle of Orthez /$cMajor-General F. C. Beatson
=264  \1$a[Place of publication not identified] :$bHeath Cranton Ltd.,$c1925
=300  \\$avolume
=336  \\$atext$btxt$2rdacontent
=337  \\$aunmediated$bn$2rdamedia
=338  \\$avolume$bnc$2rdacarrier
=500  \\$aTitle on spreadsheet: "Wellington: The Crossing of the Gaves amd the Battle of Orthez."
=932  2\$aHorward Collection$9LOCAL
=936  1\$aHorward, Donald D.,$edonor$9LOCAL
=949  \\$aFTaSU$bFSUSP$cREVIEW$9LOCAL

