=LDR  00746nam a2200205Mi 4500
=008  \\\\\\s1910\\\\xx\\\\\\\\\\\\000\0\\\\\d
=040  \\$aFDA$beng$cFDA
=035  \\$a(FSUSCA)Horward_Row_2_Section_9_1513
=049  \\$lHorward_Row_2_Section_9_1513
=100  1\$aChambers
=245  10$aWellington's Battlefields Illustrated Bussaco /$cChambers
=264  \1$a[Place of publication not identified] :$bSonnenschein,$c1910
=300  \\$avolume
=336  \\$atext$btxt$2rdacontent
=337  \\$aunmediated$bn$2rdamedia
=338  \\$avolume$bnc$2rdacarrier
=500  \\$aTitle on spreadsheet: "Wellington's Battlefields Illustrated Bussaco."
=932  2\$aHorward Collection$9LOCAL
=936  1\$aHorward, Donald D.,$edonor$9LOCAL
=949  \\$aFTaSU$bFSUSP$cREVIEW$9LOCAL

