=LDR  00864nam a2200205Mi 4500
=008  \\\\\\s1957\\\\xx\\\\\\\\\\\\000\0\\\\\d
=040  \\$aFDA$beng$cFDA
=035  \\$a(FSUSCA)Horward_Row_2_Section_11_1980
=049  \\$lHorward_Row_2_Section_11_1980
=100  1\$aWard, S. G. P.
=245  10$aWellington's Headquarters, A Study of the Administrative Problems in the Peninsula 1809-1814 /$cS. G. P. Ward
=264  \1$a[Place of publication not identified] :$bOxford University Press,$c1957
=300  \\$avolume
=336  \\$atext$btxt$2rdacontent
=337  \\$aunmediated$bn$2rdamedia
=338  \\$avolume$bnc$2rdacarrier
=500  \\$aTitle on spreadsheet: "Wellington's Headquarters: A Study of the Administrative Problems in the Peninsula 1809-1814."
=932  2\$aHorward Collection$9LOCAL
=936  1\$aHorward, Donald D.,$edonor$9LOCAL
=949  \\$aFTaSU$bFSUSP$cREVIEW$9LOCAL

