=LDR  00778nam a2200217Mi 4500
=008  \\\\\\s1973\\\\xx\\\\\\\\\\\\000\0\\\\\d
=040  \\$aFDA$beng$cFDA
=035  \\$a(FSUSCA)Horward_Row_2_Section_10_1721
=049  \\$lHorward_Row_2_Section_10_1721
=100  1\$aLawford, J. P.
=245  10$aWellington's Masterpiece /$cJ. P. Lawford and Peter Young
=264  \1$a[Place of publication not identified] :$bGeorge Allen and Unwin, Ltd.,$c1973
=300  \\$avolume
=336  \\$atext$btxt$2rdacontent
=337  \\$aunmediated$bn$2rdamedia
=338  \\$avolume$bnc$2rdacarrier
=500  \\$aTitle on spreadsheet: "Wellington's Masterpiece."
=700  1\$aYoung, Peter
=932  2\$aHorward Collection$9LOCAL
=936  1\$aHorward, Donald D.,$edonor$9LOCAL
=949  \\$aFTaSU$bFSUSP$cREVIEW$9LOCAL

