=LDR  00782nam a2200205Mi 4500
=008  \\\\\\s1974\\\\xx\\\\\\\\\\\\000\0\\\\\d
=040  \\$aFDA$beng$cFDA
=035  \\$a(FSUSCA)Horward_Row_2_Section_11_1984
=049  \\$lHorward_Row_2_Section_11_1984
=100  1\$aBlanco, Richard L.
=245  10$aWellington's Surgeon General, Sir James McGrigor /$cRichard L. Blanco
=264  \1$a[Place of publication not identified] :$bDuke University Press,$c1974
=300  \\$avolume
=336  \\$atext$btxt$2rdacontent
=337  \\$aunmediated$bn$2rdamedia
=338  \\$avolume$bnc$2rdacarrier
=500  \\$aTitle on spreadsheet: "Wellington's Surgeon General: Sir James McGrigor."
=932  2\$aHorward Collection$9LOCAL
=936  1\$aHorward, Donald D.,$edonor$9LOCAL
=949  \\$aFTaSU$bFSUSP$cREVIEW$9LOCAL

