=LDR  00810nam a2200217Mi 4500
=008  \\\\\\s1914\\\\xx\\\\\\\\\\\\000\0\\\\\d
=040  \\$aFDA$beng$cFDA
=035  \\$a(FSUSCA)Horward_Row_2_Section_9_1567
=049  \\$lHorward_Row_2_Section_9_1567
=100  1\$aRobinson, C. W.
=245  10$aWellington Campaigns also Moore's Campaign of Corunna.$nPart 2 /$cC. W. Robinson C.B
=250  \\$a5th Edition
=264  \1$a[Place of publication not identified] :$bLondon,$c1914
=300  \\$avolume
=336  \\$atext$btxt$2rdacontent
=337  \\$aunmediated$bn$2rdamedia
=338  \\$avolume$bnc$2rdacarrier
=500  \\$aTitle on spreadsheet: "Wellington Campaigns also Moore's Campaign of Corunna."
=932  2\$aHorward Collection$9LOCAL
=936  1\$aHorward, Donald D.,$edonor$9LOCAL
=949  \\$aFTaSU$bFSUSP$cREVIEW$9LOCAL

