=LDR  00826nam a2200205Mi 4500
=008  \\\\\\suuuu\\\\xx\\\\\\\\\\\\000\0\\\\\d
=040  \\$aFDA$beng$cFDA
=035  \\$a(FSUSCA)Horward_Row_2_Section_11_1939
=049  \\$lHorward_Row_2_Section_11_1939
=100  1\$aGriffith, Paddy
=245  10$aWellington Commander, the Iron Duke's Generalship /$cPaddy Griffith, et. al
=264  \1$a[Place of publication not identified] :$bAntony Bird Publications Ltd.,$c[date of publication not identified]
=300  \\$avolume
=336  \\$atext$btxt$2rdacontent
=337  \\$aunmediated$bn$2rdamedia
=338  \\$avolume$bnc$2rdacarrier
=500  \\$aTitle on spreadsheet: "Wellington Commander: the Iron Duke's Generalship."
=932  2\$aHorward Collection$9LOCAL
=936  1\$aHorward, Donald D.,$edonor$9LOCAL
=949  \\$aFTaSU$bFSUSP$cREVIEW$9LOCAL

