=LDR  00784nam a2200217Mi 4500
=008  \\\\\\s1972\\\\xx\\\\\\\\\\\\000\0\\\\\d
=040  \\$aFDA$beng$cFDA
=035  \\$a(FSUSCA)Horward_Row_2_Section_11_1890
=049  \\$lHorward_Row_2_Section_11_1890
=100  1\$aLongford, Elizabeth
=245  10$aWellington Pillar of State /$cElizabeth Longford
=264  \1$a[Place of publication not identified] :$bHarper and Row Publishers,$c1972
=300  \\$avolume
=336  \\$atext$btxt$2rdacontent
=337  \\$aunmediated$bn$2rdamedia
=338  \\$avolume$bnc$2rdacarrier
=500  \\$aTitle on spreadsheet: "Wellington Pillar of State."
=500  \\$aPrinted incorrectly(?).
=932  2\$aHorward Collection$9LOCAL
=936  1\$aHorward, Donald D.,$edonor$9LOCAL
=949  \\$aFTaSU$bFSUSP$cREVIEW$9LOCAL

