=LDR  00762nam a2200205Mi 4500
=008  \\\\\\s1954\\\\xx\\\\\\\\\\\\000\0\\\\\d
=040  \\$aFDA$beng$cFDA
=035  \\$a(FSUSCA)Horward_Row_2_Section_8_1385
=049  \\$lHorward_Row_2_Section_8_1385
=100  1\$aOman, Charles
=245  14$aThe Wellington Plate Portuguese Service /$cCharles Oman
=264  \1$a[Place of publication not identified] :$bHer Majesty's Stationery Office,$c1954
=300  \\$avolume
=336  \\$atext$btxt$2rdacontent
=337  \\$aunmediated$bn$2rdamedia
=338  \\$avolume$bnc$2rdacarrier
=500  \\$aTitle on spreadsheet: "The Wellington Plate Portuguese Service."
=932  2\$aHorward Collection$9LOCAL
=936  1\$aHorward, Donald D.,$edonor$9LOCAL
=949  \\$aFTaSU$bFSUSP$cREVIEW$9LOCAL

