=LDR  00740nam a2200205Mi 4500
=008  \\\\\\s2007\\\\xx\\\\\\\\\\\\000\0\\\\\d
=040  \\$aFDA$beng$cFDA
=035  \\$a(FSUSCA)Horward_Row_2_Section_8_1281
=049  \\$lHorward_Row_2_Section_8_1281
=100  1\$aHaythornthwaite, Philip
=245  10$aWellington The Iron Duke /$cPhilip Haythornthwaite
=264  \1$a[Place of publication not identified] :$bPotomac Books, Inc.,$c2007
=300  \\$avolume
=336  \\$atext$btxt$2rdacontent
=337  \\$aunmediated$bn$2rdamedia
=338  \\$avolume$bnc$2rdacarrier
=500  \\$aTitle on spreadsheet: "Wellington The Iron Duke."
=932  2\$aHorward Collection$9LOCAL
=936  1\$aHorward, Donald D.,$edonor$9LOCAL
=949  \\$aFTaSU$bFSUSP$cREVIEW$9LOCAL

