=LDR  00780nam a2200217Mi 4500
=008  \\\\\\s1969\\\\xx\\\\\\\\\\\\000\0\\\\\d
=040  \\$aFDA$beng$cFDA
=035  \\$a(FSUSCA)Horward_Row_2_Section_7_1256
=049  \\$lHorward_Row_2_Section_7_1256
=100  1\$aLongford, Elizabeth
=245  10$aWellington The Years of the Sword /$cElizabeth Longford
=250  \\$aFirst U.S. Edition
=264  \1$a[Place of publication not identified] :$bHarper and Row,$c1969
=300  \\$avolume
=336  \\$atext$btxt$2rdacontent
=337  \\$aunmediated$bn$2rdamedia
=338  \\$avolume$bnc$2rdacarrier
=500  \\$aTitle on spreadsheet: "Wellington The Years of the Sword."
=932  2\$aHorward Collection$9LOCAL
=936  1\$aHorward, Donald D.,$edonor$9LOCAL
=949  \\$aFTaSU$bFSUSP$cREVIEW$9LOCAL

