=LDR  00758nam a2200205Mi 4500
=008  \\\\\\s1961\\\\xx\\\\\\\\\\\\000\0\\\\\d
=040  \\$aFDA$beng$cFDA
=035  \\$a(FSUSCA)Horward_Row_2_Section_1_167
=049  \\$lHorward_Row_2_Section_1_167
=100  1\$aManceron, Claude
=245  10$aWhich Way to Turn? Napoleon's Last Choice /$cManceron, Claude
=264  \1$a[Place of publication not identified] :$bJonathan Cape, Ltd,$c1961
=300  \\$avolume
=336  \\$atext$btxt$2rdacontent
=337  \\$aunmediated$bn$2rdamedia
=338  \\$avolume$bnc$2rdacarrier
=500  \\$aTitle on spreadsheet: "Which Way to Turn? Napoleon's Last Choice."
=932  2\$aHorward Collection$9LOCAL
=936  1\$aHorward, Donald D.,$edonor$9LOCAL
=949  \\$aFTaSU$bFSUSP$cREVIEW$9LOCAL

