=LDR  00808nam a2200205Mi 4500
=008  \\\\\\s1966\\\\xx\\\\\\\\\\\\000\0\\\\\d
=040  \\$aFDA$beng$cFDA
=035  \\$a(FSUSCA)Horward_Row_2_Section_6_914
=049  \\$lHorward_Row_2_Section_6_914
=100  1\$aResnick, Daniel Philip
=245  14$aThe White Terror and the Political Reaction After Waterloo /$cDaniel Philip Resnick
=264  \1$a[Place of publication not identified] :$bHarvard Universiy Press,$c1966
=300  \\$avolume
=336  \\$atext$btxt$2rdacontent
=337  \\$aunmediated$bn$2rdamedia
=338  \\$avolume$bnc$2rdacarrier
=500  \\$aTitle on spreadsheet: "The White Terror and the Political Reaction After Waterloo."
=932  2\$aHorward Collection$9LOCAL
=936  1\$aHorward, Donald D.,$edonor$9LOCAL
=949  \\$aFTaSU$bFSUSP$cREVIEW$9LOCAL

