=LDR  00717nam a2200205Mi 4500
=008  \\\\\\s1962\\\\xx\\\\\\\\\\\\000\0\\\\\d
=040  \\$aFDA$beng$cFDA
=035  \\$a(FSUSCA)Horward_Row_2_Section_11_1827
=049  \\$lHorward_Row_2_Section_11_1827
=100  1\$aForshufvud, Sten
=245  10$aWho Killed Napoelon /$cSten Forshufvud
=264  \1$a[Place of publication not identified] :$bHutchinson and Co.,$c1962
=300  \\$avolume
=336  \\$atext$btxt$2rdacontent
=337  \\$aunmediated$bn$2rdamedia
=338  \\$avolume$bnc$2rdacarrier
=500  \\$aTitle on spreadsheet: "Who Killed Napoelon."
=932  2\$aHorward Collection$9LOCAL
=936  1\$aHorward, Donald D.,$edonor$9LOCAL
=949  \\$aFTaSU$bFSUSP$cREVIEW$9LOCAL

