=LDR  00762nam a2200205Mi 4500
=008  \\\\\\s1998\\\\xx\\\\\\\\\\\\000\0\\\\\d
=040  \\$aFDA$beng$cFDA
=035  \\$a(FSUSCA)Horward_Row_2_Section_8_1398
=049  \\$lHorward_Row_2_Section_8_1398
=100  1\$aHaythornthwatte, Philip J.
=245  10$aWho Was Who in the Napoleonic Wars /$cPhilip J. Haythornthwatte
=264  \1$a[Place of publication not identified] :$bArms and Armour,$c1998
=300  \\$avolume
=336  \\$atext$btxt$2rdacontent
=337  \\$aunmediated$bn$2rdamedia
=338  \\$avolume$bnc$2rdacarrier
=500  \\$aTitle on spreadsheet: "Who Was Who in the Napoleonic Wars."
=932  2\$aHorward Collection$9LOCAL
=936  1\$aHorward, Donald D.,$edonor$9LOCAL
=949  \\$aFTaSU$bFSUSP$cREVIEW$9LOCAL

