=LDR  00835nam a2200205Mi 4500
=008  \\\\\\s1969\\\\xx\\\\\\\\\\\\000\0\\\\\d
=040  \\$aFDA$beng$cFDA
=035  \\$a(FSUSCA)Horward_Row_2_Section_1_142
=049  \\$lHorward_Row_2_Section_1_142
=100  1\$aBrown, Everett S.
=245  10$aWilliam Plumer's Memorandum of Proceedings in the United Stes Senate 1803-1807 /$cBrown, Everett S. (ed.)
=264  \1$a[Place of publication not identified] :$bDe Capo Press,$c1969
=300  \\$avolume
=336  \\$atext$btxt$2rdacontent
=337  \\$aunmediated$bn$2rdamedia
=338  \\$avolume$bnc$2rdacarrier
=500  \\$aTitle on spreadsheet: "William Plumer's Memorandum of Proceedings in the United Stes Senate 1803-1807."
=932  2\$aHorward Collection$9LOCAL
=936  1\$aHorward, Donald D.,$edonor$9LOCAL
=949  \\$aFTaSU$bFSUSP$cREVIEW$9LOCAL

