=LDR  00888nam a2200217Mi 4500
=008  \\\\\\s1992\\\\xx\\\\\\\\\\\\000\0\\\\\d
=040  \\$aFDA$beng$cFDA
=035  \\$a(FSUSCA)Horward_Row_2_Section_3_490
=049  \\$lHorward_Row_2_Section_3_490
=100  1\$aGill, John H.
=245  10$aWith Eagles to Glory, Napoleon and his German Allies in the 1809 Campaign /$cJohn H. Gill
=264  \1$a[Place of publication not identified] :$bGreenhill Books: Presidio Press,$c1992
=300  \\$avolume
=336  \\$atext$btxt$2rdacontent
=337  \\$aunmediated$bn$2rdamedia
=338  \\$avolume$bnc$2rdacarrier
=500  \\$aTitle on spreadsheet: "With Eagles to Glory: Napoleon and his German Allies in the 1809 Campaign."
=500  \\$aSigned and paper copy of Table of Contents.
=932  2\$aHorward Collection$9LOCAL
=936  1\$aHorward, Donald D.,$edonor$9LOCAL
=949  \\$aFTaSU$bFSUSP$cREVIEW$9LOCAL

