=LDR  00742nam a2200205Mi 4500
=008  \\\\\\s1902\\\\xx\\\\\\\\\\\\000\0\\\\\d
=040  \\$aFDA$beng$cFDA
=035  \\$a(FSUSCA)Horward_Row_4_Section_8_2652
=049  \\$lHorward_Row_4_Section_8_2652
=100  1\$aStokoe, Edith S.
=245  10$awith Napoleon at Saint Helena /$cEdith S. Stokoe
=264  \1$a[Place of publication not identified] :$bJohn Lane the Bodley Head,$c1902
=300  \\$avolume
=336  \\$atext$btxt$2rdacontent
=337  \\$aunmediated$bn$2rdamedia
=338  \\$avolume$bnc$2rdacarrier
=500  \\$aTitle on spreadsheet: "with Napoleon at Saint Helena."
=932  2\$aHorward Collection$9LOCAL
=936  1\$aHorward, Donald D.,$edonor$9LOCAL
=949  \\$aFTaSU$bFSUSP$cREVIEW$9LOCAL

