=LDR  00839nam a2200205Mi 4500
=008  \\\\\\s1935\\\\xx\\\\\\\\\\\\000\0\\\\\d
=040  \\$aFDA$beng$cFDA
=035  \\$a(FSUSCA)Horward_Row_4_Section_6_2315
=049  \\$lHorward_Row_4_Section_6_2315
=100  1\$aLibaire, George
=245  10$aWith Napoleon in Russia, The Memoirs of General de Caulaincourt, Duke of Vicenza /$cGeorge Libaire
=264  \1$a[Place of publication not identified] :$bWilliam Morrow and Co.,$c1935
=300  \\$avolume
=336  \\$atext$btxt$2rdacontent
=337  \\$aunmediated$bn$2rdamedia
=338  \\$avolume$bnc$2rdacarrier
=500  \\$aTitle on spreadsheet: "With Napoleon in Russia: The Memoirs of General de Caulaincourt, Duke of Vicenza."
=932  2\$aHorward Collection$9LOCAL
=936  1\$aHorward, Donald D.,$edonor$9LOCAL
=949  \\$aFTaSU$bFSUSP$cREVIEW$9LOCAL

