=LDR  00735nam a2200217Mi 4500
=008  \\\\\\s1972\\\\xx\\\\\\\\\\\\000\0\\\\\d
=040  \\$aFDA$beng$cFDA
=035  \\$a(FSUSCA)Horward_Row_4_Section_8_2619
=049  \\$lHorward_Row_4_Section_8_2619
=100  1\$aHunt
=245  14$aThe Years of Napoleon /$cHunt and Embleton
=264  \1$a[Place of publication not identified] :$bAlmark Publications,$c1972
=300  \\$avolume
=336  \\$atext$btxt$2rdacontent
=337  \\$aunmediated$bn$2rdamedia
=338  \\$avolume$bnc$2rdacarrier
=500  \\$aTitle on spreadsheet: "The Years of Napoleon."
=700  1\$aEmbleton
=932  2\$aHorward Collection$9LOCAL
=936  1\$aHorward, Donald D.,$edonor$9LOCAL
=949  \\$aFTaSU$bFSUSP$cREVIEW$9LOCAL

