=LDR  00773nam a2200205Mi 4500
=008  \\\\\\s1966\\\\xx\\\\\\\\\\\\000\0\\\\\d
=040  \\$aFDA$beng$cFDA
=035  \\$a(FSUSCA)Horward_Row_2_Section_11_1972
=049  \\$lHorward_Row_2_Section_11_1972
=100  1\$aParet, Peter
=245  10$aYorck and the Era of Prussian Reform, 1807-1815 /$cPeter Paret
=264  \1$a[Place of publication not identified] :$bPrinceton University Press,$c1966
=300  \\$avolume
=336  \\$atext$btxt$2rdacontent
=337  \\$aunmediated$bn$2rdamedia
=338  \\$avolume$bnc$2rdacarrier
=500  \\$aTitle on spreadsheet: "Yorck and the Era of Prussian Reform, 1807-1815."
=932  2\$aHorward Collection$9LOCAL
=936  1\$aHorward, Donald D.,$edonor$9LOCAL
=949  \\$aFTaSU$bFSUSP$cREVIEW$9LOCAL

