=LDR  00760nam a2200205Mi 4500
=008  \\\\\\s1968\\\\xx\\\\\\\\\\\\000\0\\\\\d
=040  \\$aFDA$beng$cFDA
=035  \\$a(FSUSCA)Horward_Row_4_Section_8_2623
=049  \\$lHorward_Row_4_Section_8_2623
=100  1\$aCreighton-Williamson, Donald
=245  14$aThe York and Lancaster Regiment /$cDonald Creighton-Williamson
=264  \1$a[Place of publication not identified] :$bLeo Cooper Ltd.,$c1968
=300  \\$avolume
=336  \\$atext$btxt$2rdacontent
=337  \\$aunmediated$bn$2rdamedia
=338  \\$avolume$bnc$2rdacarrier
=500  \\$aTitle on spreadsheet: "The York and Lancaster Regiment."
=932  2\$aHorward Collection$9LOCAL
=936  1\$aHorward, Donald D.,$edonor$9LOCAL
=949  \\$aFTaSU$bFSUSP$cREVIEW$9LOCAL

